<?xml version="1.0" encoding="UTF-8"?>
<!DOCTYPE html PUBLIC "-//W3C//DTD XHTML 1.0 Transitional//EN"
    "http://www.w3.org/TR/xhtml1/DTD/xhtml1-transitional.dtd">
<html xmlns="http://www.w3.org/1999/xhtml" xml:lang="en" lang="en">
 <head>
  <title>
</title>
<meta http-equiv="Content-Type" content="text/html;charset=utf-8" />
  <meta name='ocr-system' content='tesseract 3.04.00' />
  <meta name='ocr-capabilities' content='ocr_page ocr_carea ocr_par ocr_line ocrx_word'/>
</head>
<body>
  <div class='ocr_page' id='page_1' title='image "./mediiaevibiblio08bottgoog_0031.png"; bbox 0 0 4217 6400; ppageno 0'>
   <div class='ocr_carea' id='block_1_1' title="bbox 203 311 1844 385">
    <p class='ocr_par' dir='ltr' id='par_1_1' title="bbox 203 311 1844 385">
     <span class='ocr_line' id='line_1_1' title="bbox 203 311 1844 385; baseline -0.005 -3"><span class='ocrx_word' id='word_1_1' title='bbox 203 321 240 382; x_wconf 79' lang='lat'><strong>41</strong></span> <span class='ocrx_word' id='word_1_2' title='bbox 829 315 1063 385; x_wconf 75' lang='lat' dir='ltr'><strong>EPISTOIAE.¹</strong></span> <span class='ocrx_word' id='word_1_3' title='bbox 1081 321 1160 382; x_wconf 79' lang='lat' dir='ltr'>hle.</span> <span class='ocrx_word' id='word_1_4' title='bbox 1183 322 1224 380; x_wconf 80' lang='lat' dir='ltr'><strong>X.</strong></span> <span class='ocrx_word' id='word_1_5' title='bbox 1804 311 1844 374; x_wconf 79' lang='lat'><strong>42</strong></span> 
     </span>
    </p>
   </div>
   <div class='ocr_carea' id='block_1_2' title="bbox 200 474 1845 849">
    <p class='ocr_par' dir='ltr' id='par_1_2' title="bbox 200 474 1845 750">
     <span class='ocr_line' id='line_1_2' title="bbox 200 474 1843 558; baseline -0.004 -16"><span class='ocrx_word' id='word_1_6' title='bbox 200 479 353 555; x_wconf 77' lang='lat' dir='ltr'>donavit3</span> <span class='ocrx_word' id='word_1_7' title='bbox 380 483 436 558; x_wconf 75' lang='grc'><strong>163</strong></span> <span class='ocrx_word' id='word_1_8' title='bbox 462 479 669 558; x_wconf 87' lang='grc'><strong>6616666163,</strong></span> <span class='ocrx_word' id='word_1_9' title='bbox 693 480 779 558; x_wconf 90' lang='grc'><strong>6661</strong></span> <span class='ocrx_word' id='word_1_10' title='bbox 807 480 938 542; x_wconf 90' lang='grc'><strong>1616113</strong></span> <span class='ocrx_word' id='word_1_11' title='bbox 959 481 995 542; x_wconf 90' lang='grc'><strong>16</strong></span> <span class='ocrx_word' id='word_1_12' title='bbox 1049 494 1134 556; x_wconf 92' lang='lat' dir='ltr'>copo</span> <span class='ocrx_word' id='word_1_13' title='bbox 1147 478 1398 555; x_wconf 82' lang='lat' dir='ltr'>argentinensi,</span> <span class='ocrx_word' id='word_1_14' title='bbox 1419 480 1461 540; x_wconf 88' lang='grc' dir='ltr'><strong>Η.</strong></span> <span class='ocrx_word' id='word_1_15' title='bbox 1483 477 1649 554; x_wconf 90' lang='lat' dir='ltr'>quondam</span> <span class='ocrx_word' id='word_1_16' title='bbox 1669 474 1843 538; x_wconf 89' lang='lat' dir='ltr'>archidia-</span> 
     </span>
     <span class='ocr_line' id='line_1_3' title="bbox 201 567 1845 654; baseline -0.004 -15"><span class='ocrx_word' id='word_1_17' title='bbox 201 578 344 639; x_wconf 88' lang='lat' dir='ltr'>ecclesia</span> <span class='ocrx_word' id='word_1_18' title='bbox 366 577 406 638; x_wconf 91' lang='lat' dir='ltr'><strong>de</strong></span> <span class='ocrx_word' id='word_1_19' title='bbox 431 579 640 653; x_wconf 80' lang='lat' dir='ltr'>Roccingen3</span> <span class='ocrx_word' id='word_1_20' title='bbox 666 578 747 638; x_wconf 88' lang='lat' dir='ltr'>duas</span> <span class='ocrx_word' id='word_1_21' title='bbox 769 581 879 654; x_wconf 87' lang='grc'><strong>666163</strong></span> <span class='ocrx_word' id='word_1_22' title='bbox 899 578 993 640; x_wconf 89' lang='lat' dir='ltr'>deci·</span> <span class='ocrx_word' id='word_1_23' title='bbox 1050 592 1133 637; x_wconf 90' lang='lat' dir='ltr'>cono</span> <span class='ocrx_word' id='word_1_24' title='bbox 1150 576 1342 648; x_wconf 84' lang='lat' dir='ltr'>Rhomensi,</span> <span class='ocrx_word' id='word_1_25' title='bbox 1358 577 1428 637; x_wconf 91' lang='grc'><strong>61...</strong></span> <span class='ocrx_word' id='word_1_26' title='bbox 1444 575 1571 636; x_wconf 86' lang='grc'><strong>166666</strong></span> <span class='ocrx_word' id='word_1_27' title='bbox 1585 567 1769 643; x_wconf 73' lang='grc'><strong>1116166631,</strong></span> <span class='ocrx_word' id='word_1_28' title='bbox 1786 574 1845 634; x_wconf 84' lang='lat' dir='ltr'><strong>Co·</strong></span> 
     </span>
     <span class='ocr_line' id='line_1_4' title="bbox 200 672 1642 750; baseline -0.003 -16"><span class='ocrx_word' id='word_1_29' title='bbox 200 691 329 735; x_wconf 90' lang='lat' dir='ltr'>marum</span> <span class='ocrx_word' id='word_1_30' title='bbox 344 675 995 750; x_wconf 85' lang='lat' dir='ltr'>quashabetisinecclesiadeEttenheim</span> <span class='ocrx_word' id='word_1_31' title='bbox 1050 673 1213 733; x_wconf 87' lang='lat' dir='ltr'>loniensis</span> <span class='ocrx_word' id='word_1_32' title='bbox 1227 673 1395 744; x_wconf 90' lang='lat' dir='ltr'>dioecesis,</span> <span class='ocrx_word' id='word_1_33' title='bbox 1412 673 1564 742; x_wconf 90' lang='lat' dir='ltr'>salutem,</span> <span class='ocrx_word' id='word_1_34' title='bbox 1581 672 1642 733; x_wconf 90' lang='grc'><strong>616.</strong></span> 
     </span>
    </p>

    <p class='ocr_par' dir='ltr' id='par_1_3' title="bbox 200 768 1845 849">
     <span class='ocr_line' id='line_1_5' title="bbox 200 768 1845 849; baseline -0.002 -17"><span class='ocrx_word' id='word_1_35' title='bbox 200 787 275 832; x_wconf 91' lang='lat' dir='ltr'><strong>cum</strong></span> <span class='ocrx_word' id='word_1_36' title='bbox 295 774 372 848; x_wconf 86' lang='lat' dir='ltr'>jure</span> <span class='ocrx_word' id='word_1_37' title='bbox 393 773 604 848; x_wconf 87' lang='lat' dir='ltr'>patronatus:</span> <span class='ocrx_word' id='word_1_38' title='bbox 628 773 710 833; x_wconf 91' lang='lat' dir='ltr'>duas</span> <span class='ocrx_word' id='word_1_39' title='bbox 726 775 836 849; x_wconf 91' lang='lat' dir='ltr'>partes</span> <span class='ocrx_word' id='word_1_40' title='bbox 849 772 996 832; x_wconf 90' lang='lat' dir='ltr'>decima·</span> <span class='ocrx_word' id='word_1_41' title='bbox 1090 773 1129 830; x_wconf 91' lang='lat' dir='ltr'><strong>H.</strong></span> <span class='ocrx_word' id='word_1_42' title='bbox 1147 771 1181 832; x_wconf 88' lang='lat' dir='ltr'><strong>et</strong></span> <span class='ocrx_word' id='word_1_43' title='bbox 1195 773 1234 831; x_wconf 90' lang='lat' dir='ltr'><strong>R.</strong></span> <span class='ocrx_word' id='word_1_44' title='bbox 1251 772 1486 846; x_wconf 82' lang='lat' dir='ltr'>procuratores</span> <span class='ocrx_word' id='word_1_45' title='bbox 1499 773 1540 830; x_wconf 93' lang='grc' dir='ltr'><strong>Η.</strong></span> <span class='ocrx_word' id='word_1_46' title='bbox 1556 768 1797 840; x_wconf 82' lang='lat' dir='ltr'>archidiaconi,</span> <span class='ocrx_word' id='word_1_47' title='bbox 1811 769 1845 830; x_wconf 90' lang='lat' dir='ltr'><strong>et</strong></span> 
     </span>
    </p>
   </div>
   <div class='ocr_carea' id='block_1_3' title="bbox 199 865 1843 946">
    <p class='ocr_par' dir='ltr' id='par_1_4' title="bbox 199 865 1843 946">
     <span class='ocr_line' id='line_1_6' title="bbox 199 865 1843 946; baseline -0.003 -16"><span class='ocrx_word' id='word_1_48' title='bbox 199 884 274 930; x_wconf 90' lang='lat' dir='ltr'>rum</span> <span class='ocrx_word' id='word_1_49' title='bbox 297 884 380 944; x_wconf 91' lang='grc'><strong>6663</strong></span> <span class='ocrx_word' id='word_1_50' title='bbox 401 868 531 930; x_wconf 90' lang='grc'><strong>1616113</strong></span> <span class='ocrx_word' id='word_1_51' title='bbox 544 870 580 930; x_wconf 90' lang='grc'><strong>16</strong></span> <span class='ocrx_word' id='word_1_52' title='bbox 594 869 732 942; x_wconf 77' lang='grc'><strong>6111661,</strong></span> <span class='ocrx_word' id='word_1_53' title='bbox 750 870 785 930; x_wconf 91' lang='grc'><strong>16</strong></span> <span class='ocrx_word' id='word_1_54' title='bbox 801 870 994 946; x_wconf 87' lang='lat' dir='ltr'>Ringsheim</span> <span class='ocrx_word' id='word_1_55' title='bbox 1050 866 1267 944; x_wconf 87' lang='lat' dir='ltr'>quorumdam</span> <span class='ocrx_word' id='word_1_56' title='bbox 1282 867 1518 927; x_wconf 90' lang='lat' dir='ltr'>canonicorum</span> <span class='ocrx_word' id='word_1_57' title='bbox 1528 866 1787 928; x_wconf 82' lang='lat' dir='ltr'>virdunensium</span> <span class='ocrx_word' id='word_1_58' title='bbox 1802 865 1843 926; x_wconf 90' lang='lat' dir='ltr'><strong>ad</strong></span> 
     </span>
    </p>
   </div>
   <div class='ocr_carea' id='block_1_4' title="bbox 79 963 1845 1429">
    <p class='ocr_par' dir='ltr' id='par_1_5' title="bbox 79 963 1845 1429">
     <span class='ocr_line' id='line_1_7' title="bbox 79 963 1845 1043; baseline -0.002 -16"><span class='ocrx_word' id='word_1_59' title='bbox 79 974 103 1035; x_wconf 64' lang='lat' dir='ltr'>ss</span> <span class='ocrx_word' id='word_1_60' title='bbox 199 967 277 1028; x_wconf 90' lang='lat' dir='ltr'>etin</span> <span class='ocrx_word' id='word_1_61' title='bbox 291 966 547 1026; x_wconf 82' lang='lat' dir='ltr'>Granvinhusen</span> <span class='ocrx_word' id='word_1_62' title='bbox 560 967 698 1043; x_wconf 86' lang='lat' dir='ltr'>capellis</span> <span class='ocrx_word' id='word_1_63' title='bbox 714 967 864 1028; x_wconf 85' lang='lat' dir='ltr'>ecclesiae</span> <span class='ocrx_word' id='word_1_64' title='bbox 875 983 996 1028; x_wconf 91' lang='lat' dir='ltr'>memo·</span> <span class='ocrx_word' id='word_1_65' title='bbox 1049 965 1198 1025; x_wconf 89' lang='lat' dir='ltr'>nostram</span> <span class='ocrx_word' id='word_1_66' title='bbox 1216 981 1323 1040; x_wconf 84' lang='lat' dir='ltr'>nuper</span> <span class='ocrx_word' id='word_1_67' title='bbox 1339 964 1550 1040; x_wconf 75' lang='lat' dir='ltr'>praesentiam</span> <span class='ocrx_word' id='word_1_68' title='bbox 1570 963 1742 1025; x_wconf 80' lang='lat' dir='ltr'>venientes</span> <span class='ocrx_word' id='word_1_69' title='bbox 1766 980 1845 1040; x_wconf 94' lang='lat' dir='ltr'>pro-</span> 
     </span>
     <span class='ocr_line' id='line_1_8' title="bbox 80 1060 1845 1140; baseline -0.001 -19"><span class='ocrx_word' id='word_1_70' title='bbox 80 1062 103 1121; x_wconf 74' lang='grc'><strong>1.</strong></span> <span class='ocrx_word' id='word_1_71' title='bbox 197 1063 281 1125; x_wconf 77' lang='lat' dir='ltr'>ratae</span> <span class='ocrx_word' id='word_1_72' title='bbox 293 1085 301 1138; x_wconf 92' lang='lat'>;</span> <span class='ocrx_word' id='word_1_73' title='bbox 312 1065 368 1140; x_wconf 78' lang='grc'><strong>163</strong></span> <span class='ocrx_word' id='word_1_74' title='bbox 387 1064 593 1140; x_wconf 88' lang='grc'><strong>6616666163,</strong></span> <span class='ocrx_word' id='word_1_75' title='bbox 616 1065 702 1140; x_wconf 91' lang='grc'><strong>6661</strong></span> <span class='ocrx_word' id='word_1_76' title='bbox 721 1063 850 1125; x_wconf 88' lang='grc'><strong>1616113</strong></span> <span class='ocrx_word' id='word_1_77' title='bbox 864 1064 995 1124; x_wconf 88' lang='lat' dir='ltr'>invilla</span> <span class='ocrx_word' id='word_1_78' title='bbox 1050 1061 1219 1123; x_wconf 90' lang='grc'><strong>666616616</strong></span> <span class='ocrx_word' id='word_1_79' title='bbox 1230 1061 1465 1138; x_wconf 73' lang='lat' dir='ltr'>praedictorum</span> <span class='ocrx_word' id='word_1_80' title='bbox 1477 1061 1612 1121; x_wconf 90' lang='lat' dir='ltr'>nomine</span> <span class='ocrx_word' id='word_1_81' title='bbox 1624 1076 1737 1122; x_wconf 91' lang='lat' dir='ltr'>coram</span> <span class='ocrx_word' id='word_1_82' title='bbox 1750 1060 1845 1121; x_wconf 89' lang='lat' dir='ltr'>nobis</span> 
     </span>
     <span class='ocr_line' id='line_1_9' title="bbox 96 1142 1845 1234; baseline -0.001 -13"><span class='ocrx_word' id='word_1_83' title='bbox 96 1142 106 1196; x_wconf 65' lang='grc'><strong>’·</strong></span> <span class='ocrx_word' id='word_1_84' title='bbox 199 1160 437 1221; x_wconf 89' lang='lat' dir='ltr'>monachorum</span> <span class='ocrx_word' id='word_1_85' title='bbox 457 1177 531 1220; x_wconf 92' lang='lat' dir='ltr'><strong>cum</strong></span> <span class='ocrx_word' id='word_1_86' title='bbox 552 1160 728 1222; x_wconf 88' lang='lat' dir='ltr'>medietate</span> <span class='ocrx_word' id='word_1_87' title='bbox 743 1161 948 1222; x_wconf 88' lang='lat' dir='ltr'>decimarum</span> <span class='ocrx_word' id='word_1_88' title='bbox 963 1161 996 1222; x_wconf 93' lang='grc'><strong>61</strong></span> <span class='ocrx_word' id='word_1_89' title='bbox 1050 1173 1237 1234; x_wconf 86' lang='lat' dir='ltr'>proponere</span> <span class='ocrx_word' id='word_1_90' title='bbox 1264 1160 1478 1229; x_wconf 85' lang='lat' dir='ltr'>curaverunt,</span> <span class='ocrx_word' id='word_1_91' title='bbox 1514 1158 1600 1234; x_wconf 91' lang='lat' dir='ltr'>quod</span> <span class='ocrx_word' id='word_1_92' title='bbox 1627 1173 1738 1230; x_wconf 88' lang='grc'><strong>66636,</strong></span> <span class='ocrx_word' id='word_1_93' title='bbox 1771 1175 1845 1234; x_wconf 87' lang='lat' dir='ltr'>quae</span> 
     </span>
     <span class='ocr_line' id='line_1_10' title="bbox 90 1245 1845 1335; baseline 0.002 -23"><span class='ocrx_word' id='word_1_94' title='bbox 90 1245 99 1331; x_wconf 19' lang='lat' dir='ltr'><strong>f.</strong></span> <span class='ocrx_word' id='word_1_95' title='bbox 198 1258 276 1318; x_wconf 89' lang='lat' dir='ltr'>aliis</span> <span class='ocrx_word' id='word_1_96' title='bbox 291 1258 500 1334; x_wconf 91' lang='lat' dir='ltr'>pertinentiis</span> <span class='ocrx_word' id='word_1_97' title='bbox 514 1257 668 1334; x_wconf 85' lang='lat' dir='ltr'>suis3jus</span> <span class='ocrx_word' id='word_1_98' title='bbox 685 1259 890 1335; x_wconf 90' lang='lat' dir='ltr'>patronatus,</span> <span class='ocrx_word' id='word_1_99' title='bbox 908 1258 994 1334; x_wconf 92' lang='grc'><strong>6661</strong></span> <span class='ocrx_word' id='word_1_100' title='bbox 1048 1255 1140 1316; x_wconf 88' lang='grc'><strong>16166</strong></span> <span class='ocrx_word' id='word_1_101' title='bbox 1160 1255 1284 1316; x_wconf 90' lang='lat' dir='ltr'>dictum</span> <span class='ocrx_word' id='word_1_102' title='bbox 1310 1255 1581 1316; x_wconf 84' lang='lat' dir='ltr'>archidiaconum</span> <span class='ocrx_word' id='word_1_103' title='bbox 1605 1255 1639 1316; x_wconf 91' lang='grc'><strong>61</strong></span> <span class='ocrx_word' id='word_1_104' title='bbox 1667 1256 1845 1316; x_wconf 88' lang='lat' dir='ltr'>canonicos</span> 
     </span>
     <span class='ocr_line' id='line_1_11' title="bbox 90 1353 1845 1429; baseline 0.002 -20"><span class='ocrx_word' id='word_1_105' title='bbox 90 1402 108 1409; x_wconf 75' lang='grc'>-</span> <span class='ocrx_word' id='word_1_106' title='bbox 198 1354 378 1416; x_wconf 90' lang='grc'><strong>161611316</strong></span> <span class='ocrx_word' id='word_1_107' title='bbox 394 1355 589 1416; x_wconf 88' lang='lat' dir='ltr'>ecclesiade</span> <span class='ocrx_word' id='word_1_108' title='bbox 605 1357 761 1417; x_wconf 89' lang='lat' dir='ltr'>Russtein</span> <span class='ocrx_word' id='word_1_109' title='bbox 777 1373 852 1416; x_wconf 91' lang='lat' dir='ltr'><strong>cum</strong></span> <span class='ocrx_word' id='word_1_110' title='bbox 865 1356 992 1417; x_wconf 91' lang='lat' dir='ltr'>medie·</span> <span class='ocrx_word' id='word_1_111' title='bbox 1049 1354 1250 1414; x_wconf 88' lang='lat' dir='ltr'>memoratos</span> <span class='ocrx_word' id='word_1_112' title='bbox 1269 1368 1312 1413; x_wconf 87' lang='lat' dir='ltr'><strong>ex</strong></span> <span class='ocrx_word' id='word_1_113' title='bbox 1333 1355 1427 1429; x_wconf 89' lang='lat' dir='ltr'>parte</span> <span class='ocrx_word' id='word_1_114' title='bbox 1450 1368 1529 1424; x_wconf 92' lang='lat' dir='ltr'>una,</span> <span class='ocrx_word' id='word_1_115' title='bbox 1559 1354 1592 1413; x_wconf 91' lang='grc'><strong>61</strong></span> <span class='ocrx_word' id='word_1_116' title='bbox 1613 1355 1652 1413; x_wconf 89' lang='lat' dir='ltr'><strong>R.</strong></span> <span class='ocrx_word' id='word_1_117' title='bbox 1675 1353 1845 1414; x_wconf 89' lang='lat' dir='ltr'>cantorem</span> 
     </span>
    </p>
   </div>
   <div class='ocr_carea' id='block_1_5' title="bbox 90 1435 1899 2111">
    <p class='ocr_par' dir='ltr' id='par_1_6' title="bbox 90 1435 1899 2111">
     <span class='ocr_line' id='line_1_12' title="bbox 90 1435 1845 1533; baseline -0.002 -19"><span class='ocrx_word' id='word_1_118' title='bbox 90 1435 118 1533; x_wconf 39' lang='grc' dir='ltr'><strong>ἶ,</strong></span> <span class='ocrx_word' id='word_1_119' title='bbox 197 1451 478 1514; x_wconf 87' lang='lat' dir='ltr'>tatedecimarum</span> <span class='ocrx_word' id='word_1_120' title='bbox 489 1452 521 1513; x_wconf 95' lang='grc'><strong>61</strong></span> <span class='ocrx_word' id='word_1_121' title='bbox 532 1453 826 1529; x_wconf 88' lang='grc'><strong>61113666116661113</strong></span> <span class='ocrx_word' id='word_1_122' title='bbox 837 1453 924 1528; x_wconf 87' lang='grc'><strong>3613;</strong></span> <span class='ocrx_word' id='word_1_123' title='bbox 937 1456 993 1529; x_wconf 88' lang='lat' dir='ltr'><strong>jus</strong></span> <span class='ocrx_word' id='word_1_124' title='bbox 1049 1449 1317 1522; x_wconf 90' lang='lat' dir='ltr'>Laudunensem,</span> <span class='ocrx_word' id='word_1_125' title='bbox 1332 1451 1387 1526; x_wconf 88' lang='lat' dir='ltr'><strong>qui</strong></span> <span class='ocrx_word' id='word_1_126' title='bbox 1400 1465 1459 1526; x_wconf 93' lang='lat' dir='ltr'>pro</span> <span class='ocrx_word' id='word_1_127' title='bbox 1471 1450 1577 1511; x_wconf 89' lang='lat' dir='ltr'>electo</span> <span class='ocrx_word' id='word_1_128' title='bbox 1591 1450 1792 1510; x_wconf 82' lang='lat' dir='ltr'>virdunensi</span> <span class='ocrx_word' id='word_1_129' title='bbox 1809 1466 1845 1511; x_wconf 90' lang='grc'><strong>36</strong></span> 
     </span>
     <span class='ocr_line' id='line_1_13' title="bbox 198 1546 1846 1626; baseline 0 -18"><span class='ocrx_word' id='word_1_130' title='bbox 198 1549 404 1625; x_wconf 90' lang='grc'><strong>6616666163,</strong></span> <span class='ocrx_word' id='word_1_131' title='bbox 437 1550 523 1626; x_wconf 89' lang='grc'><strong>6661</strong></span> <span class='ocrx_word' id='word_1_132' title='bbox 557 1548 688 1611; x_wconf 89' lang='grc'><strong>1616113</strong></span> <span class='ocrx_word' id='word_1_133' title='bbox 719 1551 755 1610; x_wconf 92' lang='grc'><strong>16</strong></span> <span class='ocrx_word' id='word_1_134' title='bbox 791 1550 931 1610; x_wconf 89' lang='grc'><strong>66616316</strong></span> <span class='ocrx_word' id='word_1_135' title='bbox 953 1550 993 1610; x_wconf 92' lang='grc'><strong>16</strong></span> <span class='ocrx_word' id='word_1_136' title='bbox 1048 1546 1136 1620; x_wconf 89' lang='lat' dir='ltr'>gerit</span> <span class='ocrx_word' id='word_1_137' title='bbox 1154 1562 1198 1606; x_wconf 84' lang='lat' dir='ltr'><strong>ex</strong></span> <span class='ocrx_word' id='word_1_138' title='bbox 1218 1547 1335 1617; x_wconf 88' lang='lat' dir='ltr'>altera,</span> <span class='ocrx_word' id='word_1_139' title='bbox 1357 1563 1457 1623; x_wconf 88' lang='lat' dir='ltr'>snper</span> <span class='ocrx_word' id='word_1_140' title='bbox 1480 1547 1699 1607; x_wconf 83' lang='lat' dir='ltr'>electionibus</span> <span class='ocrx_word' id='word_1_141' title='bbox 1715 1547 1755 1608; x_wconf 90' lang='lat' dir='ltr'><strong>de</strong></span> <span class='ocrx_word' id='word_1_142' title='bbox 1772 1563 1846 1608; x_wconf 90' lang='lat' dir='ltr'><strong>ma-</strong></span> 
     </span>
     <span class='ocr_line' id='line_1_14' title="bbox 198 1643 1845 1718; baseline 0 -12"><span class='ocrx_word' id='word_1_143' title='bbox 198 1647 415 1707; x_wconf 88' lang='lat' dir='ltr'>Lounicheim</span> <span class='ocrx_word' id='word_1_144' title='bbox 435 1646 527 1708; x_wconf 92' lang='grc'><strong>6116</strong></span> <span class='ocrx_word' id='word_1_145' title='bbox 553 1645 731 1708; x_wconf 84' lang='lat' dir='ltr'>Stolzheim</span> <span class='ocrx_word' id='word_1_146' title='bbox 750 1647 993 1708; x_wconf 88' lang='lat' dir='ltr'>cumomnibus</span> <span class='ocrx_word' id='word_1_147' title='bbox 1048 1643 1153 1718; x_wconf 84' lang='lat' dir='ltr'>gistro</span> <span class='ocrx_word' id='word_1_148' title='bbox 1187 1646 1217 1705; x_wconf 86' lang='grc'><strong>1.</strong></span> <span class='ocrx_word' id='word_1_149' title='bbox 1249 1644 1509 1705; x_wconf 81' lang='lat' dir='ltr'>cathalaunensi</span> <span class='ocrx_word' id='word_1_150' title='bbox 1537 1643 1785 1717; x_wconf 90' lang='lat' dir='ltr'>archidiacono,</span> <span class='ocrx_word' id='word_1_151' title='bbox 1812 1648 1845 1707; x_wconf 92' lang='grc'><strong>61</strong></span> 
     </span>
     <span class='ocr_line' id='line_1_15' title="bbox 198 1729 1844 1820; baseline -0.001 -16"><span class='ocrx_word' id='word_1_152' title='bbox 198 1743 409 1819; x_wconf 90' lang='grc'><strong>666116661113</strong></span> <span class='ocrx_word' id='word_1_153' title='bbox 423 1743 510 1818; x_wconf 85' lang='grc'><strong>3613;</strong></span> <span class='ocrx_word' id='word_1_154' title='bbox 528 1759 659 1804; x_wconf 89' lang='grc'><strong>666663</strong></span> <span class='ocrx_word' id='word_1_155' title='bbox 675 1743 825 1805; x_wconf 87' lang='lat' dir='ltr'>redditus</span> <span class='ocrx_word' id='word_1_156' title='bbox 842 1729 924 1820; x_wconf 88' lang='grc'><strong>6663</strong></span> <span class='ocrx_word' id='word_1_157' title='bbox 937 1745 994 1806; x_wconf 88' lang='lat' dir='ltr'><strong>ha·</strong></span> <span class='ocrx_word' id='word_1_158' title='bbox 1048 1741 1207 1816; x_wconf 86' lang='lat' dir='ltr'>praedicto</span> <span class='ocrx_word' id='word_1_159' title='bbox 1227 1742 1363 1803; x_wconf 90' lang='lat' dir='ltr'>cantore</span> <span class='ocrx_word' id='word_1_160' title='bbox 1385 1742 1562 1804; x_wconf 90' lang='lat' dir='ltr'>celebratis</span> <span class='ocrx_word' id='word_1_161' title='bbox 1582 1742 1618 1802; x_wconf 91' lang='lat' dir='ltr'><strong>in</strong></span> <span class='ocrx_word' id='word_1_162' title='bbox 1641 1743 1844 1803; x_wconf 89' lang='lat' dir='ltr'>Virdunensi</span> 
     </span>
     <span class='ocr_line' id='line_1_16' title="bbox 197 1837 1844 1930; baseline 0 -30"><span class='ocrx_word' id='word_1_163' title='bbox 197 1839 283 1901; x_wconf 90' lang='lat' dir='ltr'>betis</span> <span class='ocrx_word' id='word_1_164' title='bbox 307 1841 341 1901; x_wconf 92' lang='lat' dir='ltr'><strong>in</strong></span> <span class='ocrx_word' id='word_1_165' title='bbox 366 1840 518 1902; x_wconf 87' lang='lat' dir='ltr'>ecclesiis</span> <span class='ocrx_word' id='word_1_166' title='bbox 539 1840 750 1918; x_wconf 89' lang='lat' dir='ltr'>supradictis,</span> <span class='ocrx_word' id='word_1_167' title='bbox 773 1839 992 1902; x_wconf 89' lang='lat' dir='ltr'>salvatamen</span> <span class='ocrx_word' id='word_1_168' title='bbox 1049 1837 1193 1899; x_wconf 90' lang='lat' dir='ltr'>ecclesia</span> <span class='ocrx_word' id='word_1_169' title='bbox 1208 1840 1360 1930; x_wconf 88' lang='lat' dir='ltr'>vertitur,</span> <span class='ocrx_word' id='word_1_170' title='bbox 1377 1839 1413 1899; x_wconf 94' lang='lat' dir='ltr'><strong>in</strong></span> <span class='ocrx_word' id='word_1_171' title='bbox 1429 1857 1496 1900; x_wconf 92' lang='grc'><strong>666</strong></span> <span class='ocrx_word' id='word_1_172' title='bbox 1516 1839 1681 1900; x_wconf 89' lang='lat' dir='ltr'>modicum</span> <span class='ocrx_word' id='word_1_173' title='bbox 1696 1839 1844 1916; x_wconf 90' lang='lat' dir='ltr'>ejusdem</span> 
     </span>
     <span class='ocr_line' id='line_1_17' title="bbox 197 1935 1899 2014; baseline 0 -16"><span class='ocrx_word' id='word_1_174' title='bbox 197 1937 233 1998; x_wconf 88' lang='lat' dir='ltr'><strong>ln</strong></span> <span class='ocrx_word' id='word_1_175' title='bbox 255 1938 424 2014; x_wconf 81' lang='grc'><strong>6666116113</strong></span> <span class='ocrx_word' id='word_1_176' title='bbox 443 1937 582 1999; x_wconf 90' lang='lat' dir='ltr'>decimis</span> <span class='ocrx_word' id='word_1_177' title='bbox 602 1937 830 1999; x_wconf 82' lang='lat' dir='ltr'>moderatione</span> <span class='ocrx_word' id='word_1_178' title='bbox 852 1939 992 1999; x_wconf 83' lang='lat' dir='ltr'>Concilii</span> <span class='ocrx_word' id='word_1_179' title='bbox 1048 1935 1201 1996; x_wconf 83' lang='grc'><strong>666163166</strong></span> <span class='ocrx_word' id='word_1_180' title='bbox 1225 1936 1455 2012; x_wconf 76' lang='lat' dir='ltr'>praejudicium</span> <span class='ocrx_word' id='word_1_181' title='bbox 1478 1938 1695 2013; x_wconf 87' lang='lat' dir='ltr'>protrahitur,</span> <span class='ocrx_word' id='word_1_182' title='bbox 1715 1940 1748 1998; x_wconf 92' lang='lat' dir='ltr'><strong>et</strong></span> <span class='ocrx_word' id='word_1_183' title='bbox 1765 1954 1846 2013; x_wconf 87' lang='lat' dir='ltr'>gra·</span> <span class='ocrx_word' id='word_1_184' title='bbox 1895 1951 1899 1959; x_wconf 88' lang='lat'>·</span> 
     </span>
     <span class='ocr_line' id='line_1_18' title="bbox 197 2032 1842 2111; baseline -0.003 -14"><span class='ocrx_word' id='word_1_185' title='bbox 197 2036 379 2111; x_wconf 72' lang='lat' dir='ltr'>generalis</span> <span class='ocrx_word' id='word_1_186' title='bbox 395 2037 458 2096; x_wconf 90' lang='grc'><strong>616.</strong></span> <span class='ocrx_word' id='word_1_187' title='bbox 476 2038 563 2096; x_wconf 91' lang='lat' dir='ltr'>Sane</span> <span class='ocrx_word' id='word_1_188' title='bbox 573 2036 754 2107; x_wconf 90' lang='lat' dir='ltr'>novalium,</span> <span class='ocrx_word' id='word_1_189' title='bbox 769 2038 831 2098; x_wconf 89' lang='grc'><strong>616.</strong></span> <span class='ocrx_word' id='word_1_190' title='bbox 1047 2046 1273 2102; x_wconf 71' lang='lat' dir='ltr'>tamencum</span> <span class='ocrx_word' id='word_1_191' title='bbox 1294 2047 1387 2092; x_wconf 89' lang='lat' dir='ltr'>mora</span> <span class='ocrx_word' id='word_1_192' title='bbox 1409 2032 1444 2092; x_wconf 94' lang='lat' dir='ltr'><strong>in</strong></span> <span class='ocrx_word' id='word_1_193' title='bbox 1462 2032 1586 2093; x_wconf 88' lang='lat' dir='ltr'>talibus</span> <span class='ocrx_word' id='word_1_194' title='bbox 1605 2034 1649 2093; x_wconf 89' lang='grc'><strong>311</strong></span> <span class='ocrx_word' id='word_1_195' title='bbox 1671 2033 1842 2105; x_wconf 88' lang='lat' dir='ltr'>damnosa,</span> 
     </span>
    </p>
   </div>
   <div class='ocr_carea' id='block_1_6' title="bbox 145 2132 993 3468">
    <p class='ocr_par' dir='ltr' id='par_1_7' title="bbox 145 2132 993 3468">
     <span class='ocr_line' id='line_1_19' title="bbox 145 2132 970 2214; baseline -0.001 -19"><span class='ocrx_word' id='word_1_196' title='bbox 145 2166 146 2171; x_wconf 48' lang='lat'>.</span> <span class='ocrx_word' id='word_1_197' title='bbox 237 2135 306 2209; x_wconf 88' lang='lat' dir='ltr'><strong>Ego</strong></span> <span class='ocrx_word' id='word_1_198' title='bbox 318 2133 497 2203; x_wconf 87' lang='lat' dir='ltr'>Honorius,</span> <span class='ocrx_word' id='word_1_199' title='bbox 513 2132 688 2193; x_wconf 83' lang='lat' dir='ltr'>catholicae</span> <span class='ocrx_word' id='word_1_200' title='bbox 702 2133 858 2214; x_wconf 74' lang='lat' dir='ltr'>Ecclesiae</span> <span class='ocrx_word' id='word_1_201' title='bbox 869 2133 970 2210; x_wconf 90' lang='grc'><strong>66136.</strong></span> 
     </span>
     <span class='ocr_line' id='line_1_20' title="bbox 234 2229 989 2307; baseline 0 -17"><span class='ocrx_word' id='word_1_202' title='bbox 234 2232 303 2306; x_wconf 82' lang='lat' dir='ltr'><strong>Ego</strong></span> <span class='ocrx_word' id='word_1_203' title='bbox 327 2230 442 2302; x_wconf 81' lang='lat' dir='ltr'>Guala,</span> <span class='ocrx_word' id='word_1_204' title='bbox 463 2231 496 2290; x_wconf 88' lang='lat' dir='ltr'><strong>S.</strong></span> <span class='ocrx_word' id='word_1_205' title='bbox 519 2229 655 2291; x_wconf 87' lang='lat' dir='ltr'>Martini</span> <span class='ocrx_word' id='word_1_206' title='bbox 680 2229 789 2307; x_wconf 90' lang='lat' dir='ltr'>presb.</span> <span class='ocrx_word' id='word_1_207' title='bbox 809 2231 914 2300; x_wconf 74' lang='lat' dir='ltr'>card„</span> <span class='ocrx_word' id='word_1_208' title='bbox 941 2232 989 2293; x_wconf 90' lang='lat' dir='ltr'>tit.</span> 
     </span>
     <span class='ocr_line' id='line_1_21' title="bbox 197 2327 332 2404; baseline -0.007 -16"><span class='ocrx_word' id='word_1_209' title='bbox 197 2327 332 2404; x_wconf 85' lang='lat' dir='ltr'>Equitii.</span> 
     </span>
     <span class='ocr_line' id='line_1_22' title="bbox 236 2424 993 2504; baseline 0.003 -18"><span class='ocrx_word' id='word_1_210' title='bbox 236 2427 304 2500; x_wconf 77' lang='lat' dir='ltr'>ligo</span> <span class='ocrx_word' id='word_1_211' title='bbox 321 2424 520 2501; x_wconf 82' lang='lat' dir='ltr'>Stephanus,</span> <span class='ocrx_word' id='word_1_212' title='bbox 531 2426 679 2487; x_wconf 77' lang='grc'><strong>16311166</strong></span> <span class='ocrx_word' id='word_1_213' title='bbox 696 2425 876 2488; x_wconf 90' lang='lat' dir='ltr'>Duodecim</span> <span class='ocrx_word' id='word_1_214' title='bbox 886 2429 993 2504; x_wconf 88' lang='lat' dir='ltr'>Apos-</span> 
     </span>
     <span class='ocr_line' id='line_1_23' title="bbox 195 2520 631 2598; baseline 0.007 -18"><span class='ocrx_word' id='word_1_215' title='bbox 195 2520 338 2581; x_wconf 90' lang='lat' dir='ltr'>tolorum</span> <span class='ocrx_word' id='word_1_216' title='bbox 352 2520 524 2598; x_wconf 84' lang='lat' dir='ltr'>presbyter</span> <span class='ocrx_word' id='word_1_217' title='bbox 541 2522 631 2583; x_wconf 89' lang='lat' dir='ltr'>card.</span> 
     </span>
     <span class='ocr_line' id='line_1_24' title="bbox 236 2618 970 2696; baseline 0.005 -18"><span class='ocrx_word' id='word_1_218' title='bbox 236 2621 305 2694; x_wconf 87' lang='lat' dir='ltr'><strong>Ego</strong></span> <span class='ocrx_word' id='word_1_219' title='bbox 317 2618 471 2690; x_wconf 85' lang='lat' dir='ltr'>Thomas,</span> <span class='ocrx_word' id='word_1_220' title='bbox 490 2619 541 2679; x_wconf 87' lang='lat' dir='ltr'>tit.</span> <span class='ocrx_word' id='word_1_221' title='bbox 560 2622 593 2680; x_wconf 89' lang='lat' dir='ltr'><strong>S.</strong></span> <span class='ocrx_word' id='word_1_222' title='bbox 612 2619 743 2681; x_wconf 88' lang='lat' dir='ltr'>Sabinae</span> <span class='ocrx_word' id='word_1_223' title='bbox 755 2620 863 2696; x_wconf 91' lang='grc'><strong>66631.</strong></span> <span class='ocrx_word' id='word_1_224' title='bbox 880 2622 970 2682; x_wconf 90' lang='grc'><strong>6661.</strong></span> 
     </span>
     <span class='ocr_line' id='line_1_25' title="bbox 235 2717 993 2796; baseline 0.005 -21"><span class='ocrx_word' id='word_1_225' title='bbox 235 2717 303 2790; x_wconf 84' lang='lat' dir='ltr'><strong>Ego</strong></span> <span class='ocrx_word' id='word_1_226' title='bbox 316 2717 993 2796; x_wconf 73' lang='grc' dir='ltr'><strong>1666663111.8666166Ρ6666113666316-</strong></span> 
     </span>
     <span class='ocr_line' id='line_1_26' title="bbox 195 2805 912 2873; baseline 0.001 0"><span class='ocrx_word' id='word_1_227' title='bbox 195 2811 248 2873; x_wconf 93' lang='grc'><strong>166</strong></span> <span class='ocrx_word' id='word_1_228' title='bbox 262 2811 453 2872; x_wconf 88' lang='grc'><strong>6661166113.</strong></span> <span class='ocrx_word' id='word_1_229' title='bbox 910 2805 912 2808; x_wconf 68' lang='grc'>’</span> 
     </span>
     <span class='ocr_line' id='line_1_27' title="bbox 234 2911 988 2988; baseline 0.003 -19"><span class='ocrx_word' id='word_1_230' title='bbox 234 2911 303 2984; x_wconf 86' lang='lat' dir='ltr'><strong>Ego</strong></span> <span class='ocrx_word' id='word_1_231' title='bbox 313 2911 610 2984; x_wconf 89' lang='lat' dir='ltr'>Hugo‚Hostiensis</span> <span class='ocrx_word' id='word_1_232' title='bbox 619 2911 652 2971; x_wconf 92' lang='lat' dir='ltr'><strong>et</strong></span> <span class='ocrx_word' id='word_1_233' title='bbox 660 2911 876 2972; x_wconf 90' lang='lat' dir='ltr'>velletrensis</span> <span class='ocrx_word' id='word_1_234' title='bbox 887 2913 988 2988; x_wconf 88' lang='lat' dir='ltr'>episc.</span> 
     </span>
     <span class='ocr_line' id='line_1_28' title="bbox 234 3005 909 3084; baseline 0.004 -18"><span class='ocrx_word' id='word_1_235' title='bbox 234 3007 302 3082; x_wconf 81' lang='lat' dir='ltr'><strong>Ego</strong></span> <span class='ocrx_word' id='word_1_236' title='bbox 315 3008 345 3066; x_wconf 93' lang='lat' dir='ltr'>N</span> <span class='ocrx_word' id='word_1_237' title='bbox 348 3005 486 3078; x_wconf 88' lang='lat' dir='ltr'>icolans,</span> <span class='ocrx_word' id='word_1_238' title='bbox 499 3007 709 3068; x_wconf 89' lang='lat' dir='ltr'>Tusculanus</span> <span class='ocrx_word' id='word_1_239' title='bbox 724 3009 909 3084; x_wconf 88' lang='grc'><strong>661366663.</strong></span> 
     </span>
     <span class='ocr_line' id='line_1_29' title="bbox 234 3103 883 3182; baseline 0.003 -18"><span class='ocrx_word' id='word_1_240' title='bbox 234 3105 303 3178; x_wconf 86' lang='lat' dir='ltr'><strong>Ego</strong></span> <span class='ocrx_word' id='word_1_241' title='bbox 318 3104 471 3164; x_wconf 90' lang='lat' dir='ltr'>Oliverus</span> <span class='ocrx_word' id='word_1_242' title='bbox 486 3103 681 3164; x_wconf 80' lang='lat' dir='ltr'>sabinensis</span> <span class='ocrx_word' id='word_1_243' title='bbox 696 3106 883 3182; x_wconf 85' lang='lat' dir='ltr'>episcopus.</span> 
     </span>
     <span class='ocr_line' id='line_1_30' title="bbox 233 3202 987 3276; baseline 0.005 -15"><span class='ocrx_word' id='word_1_244' title='bbox 233 3204 302 3276; x_wconf 85' lang='lat' dir='ltr'><strong>Ego</strong></span> <span class='ocrx_word' id='word_1_245' title='bbox 312 3202 385 3261; x_wconf 91' lang='lat' dir='ltr'>Otto</span> <span class='ocrx_word' id='word_1_246' title='bbox 400 3203 456 3262; x_wconf 89' lang='lat' dir='ltr'><strong>SS.</strong></span> <span class='ocrx_word' id='word_1_247' title='bbox 472 3202 580 3276; x_wconf 85' lang='lat' dir='ltr'>Sergii</span> <span class='ocrx_word' id='word_1_248' title='bbox 598 3202 631 3262; x_wconf 87' lang='grc'><strong>61</strong></span> <span class='ocrx_word' id='word_1_249' title='bbox 647 3203 771 3263; x_wconf 89' lang='lat' dir='ltr'>Bacchi</span> <span class='ocrx_word' id='word_1_250' title='bbox 793 3204 884 3264; x_wconf 91' lang='lat' dir='ltr'>card.</span> <span class='ocrx_word' id='word_1_251' title='bbox 901 3204 987 3265; x_wconf 92' lang='lat' dir='ltr'>diac.</span> 
     </span>
     <span class='ocr_line' id='line_1_31' title="bbox 232 3298 924 3374; baseline 0.006 -16"><span class='ocrx_word' id='word_1_252' title='bbox 232 3300 301 3373; x_wconf 86' lang='lat' dir='ltr'><strong>Ego</strong></span> <span class='ocrx_word' id='word_1_253' title='bbox 313 3298 510 3374; x_wconf 71' lang='lat' dir='ltr'>Stephanus</span> <span class='ocrx_word' id='word_1_254' title='bbox 526 3300 558 3359; x_wconf 89' lang='lat' dir='ltr'><strong>S.</strong></span> <span class='ocrx_word' id='word_1_255' title='bbox 575 3299 715 3360; x_wconf 76' lang='lat' dir='ltr'>Adriani</span> <span class='ocrx_word' id='word_1_256' title='bbox 730 3301 816 3361; x_wconf 89' lang='lat' dir='ltr'>diac.</span> <span class='ocrx_word' id='word_1_257' title='bbox 834 3302 924 3362; x_wconf 90' lang='lat' dir='ltr'>card.</span> 
     </span>
     <span class='ocr_line' id='line_1_32' title="bbox 232 3395 987 3468; baseline 0.007 -14"><span class='ocrx_word' id='word_1_258' title='bbox 232 3396 300 3468; x_wconf 84' lang='lat' dir='ltr'><strong>Ego</strong></span> <span class='ocrx_word' id='word_1_259' title='bbox 312 3395 488 3467; x_wconf 88' lang='lat' dir='ltr'>Rainerus,</span> <span class='ocrx_word' id='word_1_260' title='bbox 500 3396 532 3456; x_wconf 87' lang='lat' dir='ltr'><strong>S.</strong></span> <span class='ocrx_word' id='word_1_261' title='bbox 542 3396 659 3457; x_wconf 88' lang='lat' dir='ltr'>Mariae</span> <span class='ocrx_word' id='word_1_262' title='bbox 668 3396 703 3457; x_wconf 93' lang='lat' dir='ltr'><strong>in</strong></span> <span class='ocrx_word' id='word_1_263' title='bbox 713 3396 888 3457; x_wconf 76' lang='lat' dir='ltr'>cosmedin</span> <span class='ocrx_word' id='word_1_264' title='bbox 902 3398 987 3460; x_wconf 89' lang='lat' dir='ltr'>diac.</span> 
     </span>
    </p>
   </div>
   <div class='ocr_carea' id='block_1_7' title="bbox 1044 2127 1844 3574">
    <p class='ocr_par' dir='ltr' id='par_1_8' title="bbox 1044 2127 1844 3574">
     <span class='ocr_line' id='line_1_33' title="bbox 1047 2127 1843 2207; baseline 0.005 -19"><span class='ocrx_word' id='word_1_265' title='bbox 1047 2127 1081 2188; x_wconf 92' lang='lat' dir='ltr'><strong>et</strong></span> <span class='ocrx_word' id='word_1_266' title='bbox 1094 2143 1173 2203; x_wconf 89' lang='lat' dir='ltr'>pars</span> <span class='ocrx_word' id='word_1_267' title='bbox 1189 2143 1250 2188; x_wconf 89' lang='lat' dir='ltr'><strong>sua</strong></span> <span class='ocrx_word' id='word_1_268' title='bbox 1271 2127 1408 2204; x_wconf 84' lang='lat' dir='ltr'>fatigata</span> <span class='ocrx_word' id='word_1_269' title='bbox 1429 2128 1613 2198; x_wconf 89' lang='lat' dir='ltr'>laboribus,</span> <span class='ocrx_word' id='word_1_270' title='bbox 1632 2133 1666 2192; x_wconf 92' lang='lat' dir='ltr'><strong>et</strong></span> <span class='ocrx_word' id='word_1_271' title='bbox 1686 2131 1843 2207; x_wconf 86' lang='lat' dir='ltr'>expensis</span> 
     </span>
     <span class='ocr_line' id='line_1_34' title="bbox 1048 2225 1843 2303; baseline 0.006 -20"><span class='ocrx_word' id='word_1_272' title='bbox 1048 2240 1068 2284; x_wconf 88' lang='lat' dir='ltr'><strong>a</strong></span> <span class='ocrx_word' id='word_1_273' title='bbox 1072 2225 1160 2301; x_wconf 85' lang='lat' dir='ltr'>juris</span> <span class='ocrx_word' id='word_1_274' title='bbox 1169 2226 1221 2284; x_wconf 90' lang='lat' dir='ltr'><strong>sui</strong></span> <span class='ocrx_word' id='word_1_275' title='bbox 1229 2228 1299 2300; x_wconf 88' lang='lat' dir='ltr'><strong>jam</strong></span> <span class='ocrx_word' id='word_1_276' title='bbox 1308 2229 1449 2302; x_wconf 89' lang='lat' dir='ltr'>cogatur</span> <span class='ocrx_word' id='word_1_277' title='bbox 1456 2228 1689 2303; x_wconf 91' lang='lat' dir='ltr'>prosecutione</span> <span class='ocrx_word' id='word_1_278' title='bbox 1699 2245 1843 2298; x_wconf 89' lang='lat' dir='ltr'>cessare,</span> 
     </span>
     <span class='ocr_line' id='line_1_35' title="bbox 1047 2322 1844 2399; baseline 0.006 -17"><span class='ocrx_word' id='word_1_279' title='bbox 1047 2322 1245 2398; x_wconf 82' lang='lat' dir='ltr'>adjicientes</span> <span class='ocrx_word' id='word_1_280' title='bbox 1267 2323 1353 2399; x_wconf 91' lang='lat' dir='ltr'>quod</span> <span class='ocrx_word' id='word_1_281' title='bbox 1376 2323 1406 2382; x_wconf 92' lang='lat' dir='ltr'><strong>si</strong></span> <span class='ocrx_word' id='word_1_282' title='bbox 1427 2324 1462 2385; x_wconf 95' lang='lat' dir='ltr'><strong>in</strong></span> <span class='ocrx_word' id='word_1_283' title='bbox 1482 2325 1684 2386; x_wconf 86' lang='lat' dir='ltr'>virdunensi</span> <span class='ocrx_word' id='word_1_284' title='bbox 1709 2326 1844 2388; x_wconf 85' lang='lat' dir='ltr'>civitate</span> 
     </span>
     <span class='ocr_line' id='line_1_36' title="bbox 1048 2419 1844 2501; baseline 0.009 -22"><span class='ocrx_word' id='word_1_285' title='bbox 1048 2419 1248 2481; x_wconf 82' lang='lat' dir='ltr'>discutiatur</span> <span class='ocrx_word' id='word_1_286' title='bbox 1269 2421 1451 2496; x_wconf 81' lang='lat' dir='ltr'>negotium,</span> <span class='ocrx_word' id='word_1_287' title='bbox 1477 2422 1599 2483; x_wconf 91' lang='lat' dir='ltr'>ibidem</span> <span class='ocrx_word' id='word_1_288' title='bbox 1630 2423 1761 2484; x_wconf 90' lang='grc'><strong>16611163</strong></span> <span class='ocrx_word' id='word_1_289' title='bbox 1783 2441 1844 2501; x_wconf 94' lang='grc'><strong>66-</strong></span> 
     </span>
     <span class='ocr_line' id='line_1_37' title="bbox 1046 2517 1843 2597; baseline 0.006 -19"><span class='ocrx_word' id='word_1_290' title='bbox 1046 2517 1125 2579; x_wconf 88' lang='grc'><strong>16611</strong></span> <span class='ocrx_word' id='word_1_291' title='bbox 1137 2518 1242 2595; x_wconf 90' lang='grc'><strong>163163</strong></span> <span class='ocrx_word' id='word_1_292' title='bbox 1252 2520 1377 2580; x_wconf 89' lang='grc'><strong>6661163</strong></span> <span class='ocrx_word' id='word_1_293' title='bbox 1387 2519 1552 2595; x_wconf 88' lang='lat' dir='ltr'>indagari,</span> <span class='ocrx_word' id='word_1_294' title='bbox 1566 2521 1843 2597; x_wconf 88' lang='lat' dir='ltr'>quamcivitatem</span> 
     </span>
     <span class='ocr_line' id='line_1_38' title="bbox 1047 2616 1843 2694; baseline 0.006 -18"><span class='ocrx_word' id='word_1_295' title='bbox 1047 2618 1207 2691; x_wconf 88' lang='lat' dir='ltr'>tanquam</span> <span class='ocrx_word' id='word_1_296' title='bbox 1222 2616 1330 2678; x_wconf 91' lang='lat' dir='ltr'>locum</span> <span class='ocrx_word' id='word_1_297' title='bbox 1345 2617 1503 2678; x_wconf 91' lang='lat' dir='ltr'>idoneum</span> <span class='ocrx_word' id='word_1_298' title='bbox 1518 2618 1679 2694; x_wconf 88' lang='lat' dir='ltr'>partibus,</span> <span class='ocrx_word' id='word_1_299' title='bbox 1699 2620 1733 2681; x_wconf 88' lang='grc'><strong>61</strong></span> <span class='ocrx_word' id='word_1_300' title='bbox 1751 2636 1843 2680; x_wconf 84' lang='lat' dir='ltr'>corn-</span> 
     </span>
     <span class='ocr_line' id='line_1_39' title="bbox 1047 2713 1841 2790; baseline 0.008 -19"><span class='ocrx_word' id='word_1_301' title='bbox 1047 2728 1192 2784; x_wconf 92' lang='lat' dir='ltr'>munem‚</span> <span class='ocrx_word' id='word_1_302' title='bbox 1215 2714 1252 2774; x_wconf 91' lang='lat' dir='ltr'><strong>ut</strong></span> <span class='ocrx_word' id='word_1_303' title='bbox 1271 2713 1318 2773; x_wconf 93' lang='lat' dir='ltr'><strong>ibi</strong></span> <span class='ocrx_word' id='word_1_304' title='bbox 1339 2715 1380 2774; x_wconf 91' lang='lat' dir='ltr'><strong>de</strong></span> <span class='ocrx_word' id='word_1_305' title='bbox 1402 2716 1536 2790; x_wconf 83' lang='lat' dir='ltr'>negotio</span> <span class='ocrx_word' id='word_1_306' title='bbox 1555 2717 1756 2777; x_wconf 88' lang='lat' dir='ltr'>tractaretur</span> <span class='ocrx_word' id='word_1_307' title='bbox 1774 2718 1841 2777; x_wconf 89' lang='lat' dir='ltr'>ali-</span> 
     </span>
     <span class='ocr_line' id='line_1_40' title="bbox 1047 2810 1843 2891; baseline 0.009 -22"><span class='ocrx_word' id='word_1_308' title='bbox 1047 2810 1179 2885; x_wconf 89' lang='lat' dir='ltr'>quando</span> <span class='ocrx_word' id='word_1_309' title='bbox 1194 2810 1354 2885; x_wconf 81' lang='lat' dir='ltr'>elegistis.</span> <span class='ocrx_word' id='word_1_310' title='bbox 1370 2812 1625 2887; x_wconf 88' lang='lat' dir='ltr'>Superadditum</span> <span class='ocrx_word' id='word_1_311' title='bbox 1637 2831 1768 2891; x_wconf 92' lang='grc'><strong>666666</strong></span> <span class='ocrx_word' id='word_1_312' title='bbox 1780 2815 1843 2878; x_wconf 90' lang='grc'><strong>1611</strong></span> 
     </span>
     <span class='ocr_line' id='line_1_41' title="bbox 1046 2908 1839 2987; baseline 0.006 -20"><span class='ocrx_word' id='word_1_313' title='bbox 1046 2922 1066 2966; x_wconf 88' lang='lat' dir='ltr'><strong>a</strong></span> <span class='ocrx_word' id='word_1_314' title='bbox 1081 2908 1354 2983; x_wconf 92' lang='lat' dir='ltr'>procuratoribus</span> <span class='ocrx_word' id='word_1_315' title='bbox 1370 2910 1574 2981; x_wconf 90' lang='lat' dir='ltr'>memoratis,</span> <span class='ocrx_word' id='word_1_316' title='bbox 1598 2911 1684 2987; x_wconf 89' lang='lat' dir='ltr'>quod</span> <span class='ocrx_word' id='word_1_317' title='bbox 1704 2929 1778 2972; x_wconf 91' lang='lat' dir='ltr'><strong>cum</strong></span> <span class='ocrx_word' id='word_1_318' title='bbox 1792 2915 1839 2986; x_wconf 92' lang='grc'><strong>16,</strong></span> 
     </span>
     <span class='ocr_line' id='line_1_42' title="bbox 1045 3003 1841 3082; baseline 0.009 -17"><span class='ocrx_word' id='word_1_319' title='bbox 1045 3003 1150 3066; x_wconf 88' lang='grc'><strong>166166</strong></span> <span class='ocrx_word' id='word_1_320' title='bbox 1168 3005 1334 3082; x_wconf 91' lang='lat' dir='ltr'>episcope,</span> <span class='ocrx_word' id='word_1_321' title='bbox 1353 3007 1458 3082; x_wconf 87' lang='lat' dir='ltr'>judex</span> <span class='ocrx_word' id='word_1_322' title='bbox 1478 3023 1497 3067; x_wconf 87' lang='lat' dir='ltr'><strong>a</strong></span> <span class='ocrx_word' id='word_1_323' title='bbox 1515 3008 1611 3068; x_wconf 93' lang='lat' dir='ltr'>nobis</span> <span class='ocrx_word' id='word_1_324' title='bbox 1625 3009 1722 3070; x_wconf 89' lang='lat' dir='ltr'>datus</span> <span class='ocrx_word' id='word_1_325' title='bbox 1736 3010 1841 3072; x_wconf 87' lang='lat' dir='ltr'>tueris</span> 
     </span>
     <span class='ocr_line' id='line_1_43' title="bbox 1045 3102 1842 3186; baseline 0.009 -25"><span class='ocrx_word' id='word_1_326' title='bbox 1045 3102 1087 3161; x_wconf 91' lang='lat' dir='ltr'><strong>ad</strong></span> <span class='ocrx_word' id='word_1_327' title='bbox 1109 3102 1302 3178; x_wconf 91' lang='lat' dir='ltr'>petitionem</span> <span class='ocrx_word' id='word_1_328' title='bbox 1323 3103 1428 3179; x_wconf 89' lang='lat' dir='ltr'>partis</span> <span class='ocrx_word' id='word_1_329' title='bbox 1452 3103 1601 3166; x_wconf 85' lang='lat' dir='ltr'>adversae</span> <span class='ocrx_word' id='word_1_330' title='bbox 1624 3105 1660 3166; x_wconf 92' lang='lat' dir='ltr'><strong>in</strong></span> <span class='ocrx_word' id='word_1_331' title='bbox 1681 3108 1842 3186; x_wconf 86' lang='lat' dir='ltr'>praejudi-</span> 
     </span>
     <span class='ocr_line' id='line_1_44' title="bbox 1045 3199 1840 3282; baseline 0.01 -22"><span class='ocrx_word' id='word_1_332' title='bbox 1045 3199 1133 3260; x_wconf 90' lang='lat' dir='ltr'>cium</span> <span class='ocrx_word' id='word_1_333' title='bbox 1157 3202 1261 3277; x_wconf 88' lang='lat' dir='ltr'>partis</span> <span class='ocrx_word' id='word_1_334' title='bbox 1290 3218 1360 3262; x_wconf 89' lang='grc'><strong>3666</strong></span> <span class='ocrx_word' id='word_1_335' title='bbox 1387 3202 1550 3263; x_wconf 89' lang='lat' dir='ltr'>insertum</span> <span class='ocrx_word' id='word_1_336' title='bbox 1577 3206 1650 3267; x_wconf 87' lang='lat' dir='ltr'>erat</span> <span class='ocrx_word' id='word_1_337' title='bbox 1672 3206 1840 3282; x_wconf 87' lang='lat' dir='ltr'>prioribus</span> 
     </span>
     <span class='ocr_line' id='line_1_45' title="bbox 1044 3297 1840 3379; baseline 0.013 -23"><span class='ocrx_word' id='word_1_338' title='bbox 1044 3297 1177 3369; x_wconf 89' lang='lat' dir='ltr'>litteris,</span> <span class='ocrx_word' id='word_1_339' title='bbox 1196 3301 1233 3359; x_wconf 90' lang='lat' dir='ltr'><strong>ut</strong></span> <span class='ocrx_word' id='word_1_340' title='bbox 1252 3314 1328 3360; x_wconf 89' lang='lat' dir='ltr'><strong>cum</strong></span> <span class='ocrx_word' id='word_1_341' title='bbox 1347 3299 1453 3361; x_wconf 90' lang='grc'><strong>611666</strong></span> <span class='ocrx_word' id='word_1_342' title='bbox 1472 3301 1621 3376; x_wconf 92' lang='lat' dir='ltr'>ipsorum</span> <span class='ocrx_word' id='word_1_343' title='bbox 1643 3304 1840 3379; x_wconf 90' lang='lat' dir='ltr'>procederes</span> 
     </span>
     <span class='ocr_line' id='line_1_46' title="bbox 1044 3394 1838 3474; baseline 0.011 -21"><span class='ocrx_word' id='word_1_344' title='bbox 1044 3394 1074 3454; x_wconf 88' lang='lat' dir='ltr'><strong>si</strong></span> <span class='ocrx_word' id='word_1_345' title='bbox 1098 3409 1213 3456; x_wconf 90' lang='lat' dir='ltr'>omnes</span> <span class='ocrx_word' id='word_1_346' title='bbox 1239 3411 1307 3456; x_wconf 92' lang='grc'><strong>666</strong></span> <span class='ocrx_word' id='word_1_347' title='bbox 1335 3398 1476 3474; x_wconf 91' lang='grc'><strong>66336113</strong></span> <span class='ocrx_word' id='word_1_348' title='bbox 1506 3400 1641 3473; x_wconf 85' lang='lat' dir='ltr'>negotio</span> <span class='ocrx_word' id='word_1_349' title='bbox 1666 3401 1838 3464; x_wconf 90' lang='lat' dir='ltr'>interesse.</span> 
     </span>
     <span class='ocr_line' id='line_1_47' title="bbox 1045 3492 1840 3574; baseline 0.014 -23"><span class='ocrx_word' id='word_1_350' title='bbox 1045 3493 1153 3567; x_wconf 86' lang='lat' dir='ltr'>Super</span> <span class='ocrx_word' id='word_1_351' title='bbox 1167 3492 1286 3568; x_wconf 89' lang='lat' dir='ltr'>quibus</span> <span class='ocrx_word' id='word_1_352' title='bbox 1303 3495 1535 3569; x_wconf 88' lang='lat' dir='ltr'>procuratores</span> <span class='ocrx_word' id='word_1_353' title='bbox 1554 3497 1620 3573; x_wconf 91' lang='lat' dir='ltr'>ipsi</span> <span class='ocrx_word' id='word_1_354' title='bbox 1639 3499 1840 3574; x_wconf 82' lang='lat' dir='ltr'>provideris</span> 
     </span>
    </p>
   </div>
   <div class='ocr_carea' id='block_1_8' title="bbox 899 3587 1841 3668">
    <p class='ocr_par' dir='ltr' id='par_1_9' title="bbox 899 3587 1841 3668">
     <span class='ocr_line' id='line_1_48' title="bbox 899 3587 1841 3668; baseline 0.016 -25"><span class='ocrx_word' id='word_1_355' title='bbox 899 3591 906 3605; x_wconf 87' lang='lat'><strong>·</strong></span> <span class='ocrx_word' id='word_1_356' title='bbox 946 3592 952 3605; x_wconf 88' lang='lat'><strong>·</strong></span> <span class='ocrx_word' id='word_1_357' title='bbox 977 3624 990 3638; x_wconf 90' lang='lat'><em>-</em></span> <span class='ocrx_word' id='word_1_358' title='bbox 1043 3587 1140 3648; x_wconf 93' lang='lat' dir='ltr'>nobis</span> <span class='ocrx_word' id='word_1_359' title='bbox 1155 3588 1327 3651; x_wconf 88' lang='lat' dir='ltr'>humiliter</span> <span class='ocrx_word' id='word_1_360' title='bbox 1341 3592 1518 3668; x_wconf 89' lang='lat' dir='ltr'>petierunt,</span> <span class='ocrx_word' id='word_1_361' title='bbox 1536 3594 1636 3662; x_wconf 90' lang='grc'><strong>6166,</strong></span> <span class='ocrx_word' id='word_1_362' title='bbox 1652 3595 1700 3655; x_wconf 87' lang='lat' dir='ltr'><strong>fili</strong></span> <span class='ocrx_word' id='word_1_363' title='bbox 1713 3598 1766 3668; x_wconf 91' lang='grc' dir='ltr'><strong>Η.,</strong></span> <span class='ocrx_word' id='word_1_364' title='bbox 1782 3597 1841 3658; x_wconf 90' lang='lat' dir='ltr'><strong>im-</strong></span> 
     </span>
    </p>
   </div>
   <div class='ocr_carea' id='block_1_9' title="bbox 1043 3685 1841 3961">
    <p class='ocr_par' dir='ltr' id='par_1_10' title="bbox 1043 3685 1841 3961">
     <span class='ocr_line' id='line_1_49' title="bbox 1044 3685 1839 3768; baseline 0.013 -23"><span class='ocrx_word' id='word_1_365' title='bbox 1044 3685 1707 3765; x_wconf 70' lang='grc'><strong>661166131616663361616316611666366,</strong></span> <span class='ocrx_word' id='word_1_366' title='bbox 1724 3709 1784 3768; x_wconf 92' lang='lat' dir='ltr'>pro</span> <span class='ocrx_word' id='word_1_367' title='bbox 1799 3710 1839 3755; x_wconf 91' lang='lat' dir='ltr'><strong>eo</strong></span> 
     </span>
     <span class='ocr_line' id='line_1_50' title="bbox 1044 3782 1836 3859; baseline 0.014 -18"><span class='ocrx_word' id='word_1_368' title='bbox 1044 3782 1130 3859; x_wconf 90' lang='grc'><strong>6661</strong></span> <span class='ocrx_word' id='word_1_369' title='bbox 1146 3783 1326 3858; x_wconf 83' lang='lat' dir='ltr'>resignasti</span> <span class='ocrx_word' id='word_1_370' title='bbox 1340 3785 1649 3847; x_wconf 89' lang='lat' dir='ltr'>archidiaconatum</span> <span class='ocrx_word' id='word_1_371' title='bbox 1664 3789 1836 3852; x_wconf 78' lang='grc'><strong>11166666-</strong></span> 
     </span>
     <span class='ocr_line' id='line_1_51' title="bbox 1043 3882 1841 3961; baseline 0.013 -22"><span class='ocrx_word' id='word_1_372' title='bbox 1043 3894 1114 3939; x_wconf 90' lang='lat' dir='ltr'><strong>sem</strong></span> <span class='ocrx_word' id='word_1_373' title='bbox 1135 3883 1230 3957; x_wconf 91' lang='lat' dir='ltr'>cujus</span> <span class='ocrx_word' id='word_1_374' title='bbox 1254 3882 1511 3943; x_wconf 87' lang='lat' dir='ltr'>archidiaconus</span> <span class='ocrx_word' id='word_1_375' title='bbox 1532 3884 1567 3944; x_wconf 94' lang='lat' dir='ltr'><strong>in</strong></span> <span class='ocrx_word' id='word_1_376' title='bbox 1592 3885 1759 3961; x_wconf 88' lang='lat' dir='ltr'>praedictis</span> <span class='ocrx_word' id='word_1_377' title='bbox 1782 3890 1841 3950; x_wconf 92' lang='lat' dir='ltr'>lit-</span> 
     </span>
    </p>
   </div>
   <div class='ocr_carea' id='block_1_10' title="bbox 874 3978 1838 4156">
    <p class='ocr_par' dir='ltr' id='par_1_11' title="bbox 874 3978 1838 4156">
     <span class='ocr_line' id='line_1_52' title="bbox 916 3978 1837 4050; baseline 0.013 -14"><span class='ocrx_word' id='word_1_378' title='bbox 916 3984 923 3995; x_wconf 83' lang='lat'><strong>·</strong></span> <span class='ocrx_word' id='word_1_379' title='bbox 979 3982 985 3995; x_wconf 89' lang='lat'>&#39;</span> <span class='ocrx_word' id='word_1_380' title='bbox 1041 3978 1124 4038; x_wconf 88' lang='grc'><strong>16613</strong></span> <span class='ocrx_word' id='word_1_381' title='bbox 1138 3978 1315 4039; x_wconf 90' lang='grc'><strong>116616613.</strong></span> <span class='ocrx_word' id='word_1_382' title='bbox 1332 3981 1493 4050; x_wconf 84' lang='lat' dir='ltr'>Quocirca</span> <span class='ocrx_word' id='word_1_383' title='bbox 1509 3980 1702 4044; x_wconf 90' lang='lat' dir='ltr'>discretioni</span> <span class='ocrx_word' id='word_1_384' title='bbox 1719 3988 1837 4048; x_wconf 84' lang='lat' dir='ltr'>vestrae</span> 
     </span>
     <span class='ocr_line' id='line_1_53' title="bbox 874 4073 1838 4156; baseline 0.015 -25"><span class='ocrx_word' id='word_1_385' title='bbox 874 4123 881 4139; x_wconf 82' lang='lat'>,</span> <span class='ocrx_word' id='word_1_386' title='bbox 952 4080 985 4153; x_wconf 76' lang='lat'><strong>¹¹,</strong></span> <span class='ocrx_word' id='word_1_387' title='bbox 1043 4073 1193 4137; x_wconf 88' lang='lat' dir='ltr'>districte</span> <span class='ocrx_word' id='word_1_388' title='bbox 1212 4076 1436 4151; x_wconf 89' lang='lat' dir='ltr'>praecipiendo</span> <span class='ocrx_word' id='word_1_389' title='bbox 1452 4076 1659 4151; x_wconf 88' lang='lat' dir='ltr'>mandamus,</span> <span class='ocrx_word' id='word_1_390' title='bbox 1676 4083 1838 4156; x_wconf 85' lang='grc'><strong>66616663</strong></span> 
     </span>
    </p>
   </div>
   <div class='ocr_carea' id='block_1_11' title="bbox 1042 4171 1838 4243">
    <p class='ocr_par' dir='ltr' id='par_1_12' title="bbox 1042 4171 1838 4243">
     <span class='ocr_line' id='line_1_54' title="bbox 1042 4171 1838 4243; baseline 0.015 -13"><span class='ocrx_word' id='word_1_391' title='bbox 1042 4171 1083 4231; x_wconf 87' lang='grc'><strong>61</strong></span> <span class='ocrx_word' id='word_1_392' title='bbox 1099 4171 1210 4231; x_wconf 90' lang='lat' dir='ltr'>locum</span> <span class='ocrx_word' id='word_1_393' title='bbox 1225 4174 1462 4235; x_wconf 84' lang='lat' dir='ltr'>convenientes</span> <span class='ocrx_word' id='word_1_394' title='bbox 1476 4175 1640 4243; x_wconf 89' lang='lat' dir='ltr'>eumdem,</span> <span class='ocrx_word' id='word_1_395' title='bbox 1655 4181 1689 4238; x_wconf 92' lang='lat' dir='ltr'><strong>et</strong></span> <span class='ocrx_word' id='word_1_396' title='bbox 1703 4195 1838 4242; x_wconf 90' lang='lat' dir='ltr'>causam</span> 
     </span>
    </p>
   </div>
   <div class='ocr_carea' id='block_1_12' title="bbox 931 4267 1839 4344">
    <p class='ocr_par' dir='ltr' id='par_1_13' title="bbox 931 4267 1839 4344">
     <span class='ocr_line' id='line_1_55' title="bbox 931 4267 1839 4344; baseline 0.017 -20"><span class='ocrx_word' id='word_1_397' title='bbox 931 4274 936 4284; x_wconf 94' lang='grc'><em>·</em></span> <span class='ocrx_word' id='word_1_398' title='bbox 966 4304 985 4319; x_wconf 89' lang='grc'><strong>-</strong></span> <span class='ocrx_word' id='word_1_399' title='bbox 1040 4267 1173 4343; x_wconf 91' lang='lat' dir='ltr'>inipso</span> <span class='ocrx_word' id='word_1_400' title='bbox 1198 4269 1392 4341; x_wconf 88' lang='grc'><strong>1666166163,</strong></span> <span class='ocrx_word' id='word_1_401' title='bbox 1418 4271 1537 4344; x_wconf 89' lang='lat' dir='ltr'>gratia,</span> <span class='ocrx_word' id='word_1_402' title='bbox 1563 4272 1640 4333; x_wconf 94' lang='lat' dir='ltr'>odio</span> <span class='ocrx_word' id='word_1_403' title='bbox 1664 4278 1697 4336; x_wconf 90' lang='lat' dir='ltr'><strong>et</strong></span> <span class='ocrx_word' id='word_1_404' title='bbox 1720 4278 1839 4339; x_wconf 90' lang='lat' dir='ltr'>timore</span> 
     </span>
    </p>
   </div>
   <div class='ocr_carea' id='block_1_13' title="bbox 187 4702 984 4968">
    <p class='ocr_par' dir='ltr' id='par_1_14' title="bbox 187 4702 984 4968">
     <span class='ocr_line' id='line_1_56' title="bbox 187 4702 983 4777; baseline 0.004 -14"><span class='ocrx_word' id='word_1_405' title='bbox 187 4704 239 4763; x_wconf 82' lang='lat' dir='ltr'><strong>Ad</strong></span> <span class='ocrx_word' id='word_1_406' title='bbox 262 4704 460 4775; x_wconf 82' lang='lat' dir='ltr'>episcopum</span> <span class='ocrx_word' id='word_1_407' title='bbox 480 4702 783 4777; x_wconf 80' lang='lat' dir='ltr'>Arpenttueusem,</span> <span class='ocrx_word' id='word_1_408' title='bbox 804 4708 983 4767; x_wconf 82' lang='grc'><strong>66611116-</strong></span> 
     </span>
     <span class='ocr_line' id='line_1_57' title="bbox 227 4800 984 4870; baseline 0.007 -11"><span class='ocrx_word' id='word_1_409' title='bbox 227 4813 351 4860; x_wconf 82' lang='lat' dir='ltr'>conum</span> <span class='ocrx_word' id='word_1_410' title='bbox 372 4800 607 4870; x_wconf 75' lang='lat' dir='ltr'>Rhodiensem,</span> <span class='ocrx_word' id='word_1_411' title='bbox 629 4802 798 4863; x_wconf 83' lang='grc'><strong>16666666</strong></span> <span class='ocrx_word' id='word_1_412' title='bbox 812 4805 984 4864; x_wconf 69' lang='grc'><strong>11161666-</strong></span> 
     </span>
     <span class='ocr_line' id='line_1_58' title="bbox 226 4899 724 4968; baseline -0.002 -11"><span class='ocrx_word' id='word_1_413' title='bbox 226 4910 312 4968; x_wconf 85' lang='lat' dir='ltr'>sem,</span> <span class='ocrx_word' id='word_1_414' title='bbox 330 4899 541 4957; x_wconf 77' lang='lat' dir='ltr'>coloniensis</span> <span class='ocrx_word' id='word_1_415' title='bbox 556 4899 724 4958; x_wconf 74' lang='grc'><strong>6116666313.</strong></span> 
     </span>
    </p>
   </div>
   <div class='ocr_carea' id='block_1_14' title="bbox 219 5015 952 5201">
    <p class='ocr_par' dir='ltr' id='par_1_15' title="bbox 219 5015 952 5201">
     <span class='ocr_line' id='line_1_59' title="bbox 446 5015 725 5076; baseline 0 -1"><span class='ocrx_word' id='word_1_416' title='bbox 446 5016 481 5075; x_wconf 74' lang='lat'><strong>28</strong></span> <span class='ocrx_word' id='word_1_417' title='bbox 496 5015 629 5075; x_wconf 83' lang='lat' dir='ltr'>februarii</span> <span class='ocrx_word' id='word_1_418' title='bbox 646 5018 725 5076; x_wconf 76' lang='grc'><strong>1216.</strong></span> 
     </span>
     <span class='ocr_line' id='line_1_60' title="bbox 219 5130 952 5201; baseline 0.004 -18"><span class='ocrx_word' id='word_1_419' title='bbox 219 5132 337 5196; x_wconf 77' lang='lat' dir='ltr'>[liegest.,</span> <span class='ocrx_word' id='word_1_420' title='bbox 351 5132 396 5182; x_wconf 91' lang='lat' dir='ltr'>lib.</span> <span class='ocrx_word' id='word_1_421' title='bbox 410 5131 443 5193; x_wconf 85' lang='lat' dir='ltr'><strong>X,</strong></span> <span class='ocrx_word' id='word_1_422' title='bbox 454 5130 527 5194; x_wconf 88' lang='lat' dir='ltr'>epist.</span> <span class='ocrx_word' id='word_1_423' title='bbox 539 5130 594 5181; x_wconf 74' lang='lat'><strong>227.</strong></span> <span class='ocrx_word' id='word_1_424' title='bbox 606 5132 663 5181; x_wconf 87' lang='lat' dir='ltr'>llss.</span> <span class='ocrx_word' id='word_1_425' title='bbox 675 5133 710 5183; x_wconf 83' lang='grc'><strong>16</strong></span> <span class='ocrx_word' id='word_1_426' title='bbox 723 5133 799 5184; x_wconf 81' lang='lat' dir='ltr'>Porta</span> <span class='ocrx_word' id='word_1_427' title='bbox 812 5134 846 5185; x_wconf 88' lang='lat' dir='ltr'><strong>du</strong></span> <span class='ocrx_word' id='word_1_428' title='bbox 859 5136 952 5201; x_wconf 81' lang='grc'><strong>11611]</strong></span> 
     </span>
    </p>
   </div>
   <div class='ocr_carea' id='block_1_15' title="bbox 188 5235 984 5561">
    <p class='ocr_par' dir='ltr' id='par_1_16' title="bbox 188 5235 984 5561">
     <span class='ocr_line' id='line_1_61' title="bbox 188 5235 984 5314; baseline 0.006 -19"><span class='ocrx_word' id='word_1_429' title='bbox 188 5239 318 5310; x_wconf 77' lang='lat' dir='ltr'>Praecipit</span> <span class='ocrx_word' id='word_1_430' title='bbox 338 5239 380 5295; x_wconf 90' lang='grc'><strong>613</strong></span> <span class='ocrx_word' id='word_1_431' title='bbox 402 5242 434 5294; x_wconf 92' lang='grc'><strong>61</strong></span> <span class='ocrx_word' id='word_1_432' title='bbox 463 5235 536 5293; x_wconf 86' lang='lat' dir='ltr'>inira</span> <span class='ocrx_word' id='word_1_433' title='bbox 561 5240 713 5295; x_wconf 82' lang='lat' dir='ltr'>terminum</span> <span class='ocrx_word' id='word_1_434' title='bbox 739 5242 934 5314; x_wconf 82' lang='lat' dir='ltr'>praescriptuin</span> <span class='ocrx_word' id='word_1_435' title='bbox 955 5242 984 5299; x_wconf 94' lang='lat' dir='ltr'><strong>in</strong></span> 
     </span>
     <span class='ocr_line' id='line_1_62' title="bbox 222 5324 982 5403; baseline 0.003 -18"><span class='ocrx_word' id='word_1_436' title='bbox 222 5341 308 5385; x_wconf 89' lang='grc'><strong>66636</strong></span> <span class='ocrx_word' id='word_1_437' title='bbox 319 5326 401 5383; x_wconf 86' lang='lat' dir='ltr'>electi</span> <span class='ocrx_word' id='word_1_438' title='bbox 415 5324 602 5385; x_wconf 88' lang='lat' dir='ltr'>virdunensis</span> <span class='ocrx_word' id='word_1_439' title='bbox 615 5326 780 5398; x_wconf 88' lang='lat' dir='ltr'>procedant,</span> <span class='ocrx_word' id='word_1_440' title='bbox 792 5344 913 5403; x_wconf 83' lang='lat' dir='ltr'>eamque</span> <span class='ocrx_word' id='word_1_441' title='bbox 923 5329 982 5387; x_wconf 89' lang='grc'><strong>361-</strong></span> 
     </span>
     <span class='ocr_line' id='line_1_63' title="bbox 223 5413 981 5489; baseline 0.005 -16"><span class='ocrx_word' id='word_1_442' title='bbox 223 5414 351 5473; x_wconf 85' lang='lat' dir='ltr'>ficieuter</span> <span class='ocrx_word' id='word_1_443' title='bbox 365 5414 533 5472; x_wconf 86' lang='lat' dir='ltr'>instructam</span> <span class='ocrx_word' id='word_1_444' title='bbox 553 5413 589 5471; x_wconf 91' lang='lat' dir='ltr'><strong>ad</strong></span> <span class='ocrx_word' id='word_1_445' title='bbox 607 5414 709 5473; x_wconf 82' lang='lat' dir='ltr'>sedem</span> <span class='ocrx_word' id='word_1_446' title='bbox 728 5417 922 5489; x_wconf 80' lang='lat' dir='ltr'>Apostolicam</span> <span class='ocrx_word' id='word_1_447' title='bbox 937 5435 981 5477; x_wconf 88' lang='grc'><strong>66-</strong></span> 
     </span>
     <span class='ocr_line' id='line_1_64' title="bbox 222 5504 344 5561; baseline 0 -2"><span class='ocrx_word' id='word_1_448' title='bbox 222 5504 344 5561; x_wconf 85' lang='lat' dir='ltr'>mittant.</span> 
     </span>
    </p>
   </div>
   <div class='ocr_carea' id='block_1_16' title="bbox 229 5619 983 5701">
    <p class='ocr_par' dir='ltr' id='par_1_17' title="bbox 229 5619 983 5701">
     <span class='ocr_line' id='line_1_65' title="bbox 229 5619 983 5701; baseline 0.004 -18"><span class='ocrx_word' id='word_1_449' title='bbox 229 5620 406 5693; x_wconf 87' lang='lat' dir='ltr'>Honorius,</span> <span class='ocrx_word' id='word_1_450' title='bbox 430 5620 505 5693; x_wconf 85' lang='lat' dir='ltr'>etc,</span> <span class='ocrx_word' id='word_1_451' title='bbox 527 5619 709 5683; x_wconf 87' lang='grc'><strong>6666661111</strong></span> <span class='ocrx_word' id='word_1_452' title='bbox 733 5620 866 5686; x_wconf 89' lang='grc'><strong>166161...</strong></span> <span class='ocrx_word' id='word_1_453' title='bbox 889 5625 983 5701; x_wconf 89' lang='grc'><strong>6613-</strong></span> 
     </span>
    </p>
   </div>
   <div class='ocr_carea' id='block_1_17' title="bbox 1039 4361 1838 5716">
    <p class='ocr_par' dir='ltr' id='par_1_18' title="bbox 1039 4361 1838 5716">
     <span class='ocr_line' id='line_1_66' title="bbox 1041 4361 1838 4439; baseline 0.015 -18"><span class='ocrx_word' id='word_1_454' title='bbox 1041 4361 1233 4436; x_wconf 89' lang='lat' dir='ltr'>postpositis</span> <span class='ocrx_word' id='word_1_455' title='bbox 1243 4364 1341 4438; x_wconf 81' lang='lat' dir='ltr'>juxta</span> <span class='ocrx_word' id='word_1_456' title='bbox 1355 4364 1504 4439; x_wconf 91' lang='lat' dir='ltr'>priorum</span> <span class='ocrx_word' id='word_1_457' title='bbox 1520 4368 1760 4431; x_wconf 87' lang='lat' dir='ltr'>continentiam</span> <span class='ocrx_word' id='word_1_458' title='bbox 1780 4372 1838 4434; x_wconf 90' lang='lat' dir='ltr'>lit-</span> 
     </span>
     <span class='ocr_line' id='line_1_67' title="bbox 1040 4458 1837 4547; baseline 0.015 -29"><span class='ocrx_word' id='word_1_459' title='bbox 1040 4458 1200 4528; x_wconf 86' lang='lat' dir='ltr'>terarum,</span> <span class='ocrx_word' id='word_1_460' title='bbox 1237 4474 1320 4535; x_wconf 83' lang='lat' dir='ltr'>quas</span> <span class='ocrx_word' id='word_1_461' title='bbox 1355 4460 1449 4522; x_wconf 84' lang='lat' dir='ltr'>vobis</span> <span class='ocrx_word' id='word_1_462' title='bbox 1484 4463 1667 4525; x_wconf 83' lang='lat' dir='ltr'>direximus</span> <span class='ocrx_word' id='word_1_463' title='bbox 1706 4469 1837 4547; x_wconf 83' lang='lat' dir='ltr'>ratione</span> 
     </span>
     <span class='ocr_line' id='line_1_68' title="bbox 1040 4554 1837 4642; baseline 0.02 -29"><span class='ocrx_word' id='word_1_464' title='bbox 1040 4554 1166 4629; x_wconf 84' lang='lat' dir='ltr'>praevia</span> <span class='ocrx_word' id='word_1_465' title='bbox 1180 4555 1217 4615; x_wconf 92' lang='lat' dir='ltr'><strong>in</strong></span> <span class='ocrx_word' id='word_1_466' title='bbox 1231 4571 1333 4617; x_wconf 90' lang='lat' dir='ltr'>causa</span> <span class='ocrx_word' id='word_1_467' title='bbox 1347 4559 1534 4634; x_wconf 88' lang='lat' dir='ltr'>procedatis</span> <span class='ocrx_word' id='word_1_468' title='bbox 1547 4560 1674 4635; x_wconf 89' lang='lat' dir='ltr'>eadem,</span> <span class='ocrx_word' id='word_1_469' title='bbox 1688 4564 1735 4625; x_wconf 89' lang='lat' dir='ltr'><strong>ita</strong></span> <span class='ocrx_word' id='word_1_470' title='bbox 1751 4569 1837 4642; x_wconf 91' lang='grc'><strong>6661</strong></span> 
     </span>
     <span class='ocr_line' id='line_1_69' title="bbox 1039 4648 1836 4727; baseline 0.019 -18"><span class='ocrx_word' id='word_1_471' title='bbox 1039 4648 1129 4711; x_wconf 87' lang='grc'><strong>16166</strong></span> <span class='ocrx_word' id='word_1_472' title='bbox 1153 4652 1305 4727; x_wconf 85' lang='lat' dir='ltr'>proximo</span> <span class='ocrx_word' id='word_1_473' title='bbox 1331 4657 1509 4716; x_wconf 84' lang='lat' dir='ltr'>venturum</span> <span class='ocrx_word' id='word_1_474' title='bbox 1534 4655 1656 4719; x_wconf 87' lang='lat' dir='ltr'>testum</span> <span class='ocrx_word' id='word_1_475' title='bbox 1681 4663 1836 4725; x_wconf 88' lang='lat' dir='ltr'>Omnium</span> 
     </span>
     <span class='ocr_line' id='line_1_70' title="bbox 1042 4750 1835 4823; baseline 0.016 -14"><span class='ocrx_word' id='word_1_476' title='bbox 1042 4750 1239 4810; x_wconf 86' lang='lat' dir='ltr'>Sanctorum</span> <span class='ocrx_word' id='word_1_477' title='bbox 1259 4751 1459 4814; x_wconf 88' lang='lat' dir='ltr'>instructum</span> <span class='ocrx_word' id='word_1_478' title='bbox 1483 4753 1750 4818; x_wconf 83' lang='grc'><strong>3611616616661</strong></span> <span class='ocrx_word' id='word_1_479' title='bbox 1772 4777 1835 4823; x_wconf 90' lang='grc'><strong>663</strong></span> 
     </span>
     <span class='ocr_line' id='line_1_71' title="bbox 1040 4846 1836 4925; baseline 0.019 -20"><span class='ocrx_word' id='word_1_480' title='bbox 1040 4846 1211 4921; x_wconf 88' lang='lat' dir='ltr'>negotium</span> <span class='ocrx_word' id='word_1_481' title='bbox 1242 4849 1432 4918; x_wconf 88' lang='lat' dir='ltr'>remittatis,</span> <span class='ocrx_word' id='word_1_482' title='bbox 1458 4853 1635 4925; x_wconf 87' lang='grc'><strong>66616361</strong></span> <span class='ocrx_word' id='word_1_483' title='bbox 1664 4858 1836 4920; x_wconf 89' lang='lat' dir='ltr'>cantorem</span> 
     </span>
     <span class='ocr_line' id='line_1_72' title="bbox 1040 4943 1835 5026; baseline 0.019 -24"><span class='ocrx_word' id='word_1_484' title='bbox 1040 4943 1234 5019; x_wconf 84' lang='lat' dir='ltr'>praedictum</span> <span class='ocrx_word' id='word_1_485' title='bbox 1258 4946 1410 5019; x_wconf 85' lang='lat' dir='ltr'>citantes,</span> <span class='ocrx_word' id='word_1_486' title='bbox 1437 4949 1474 5009; x_wconf 93' lang='lat' dir='ltr'><strong>ut</strong></span> <span class='ocrx_word' id='word_1_487' title='bbox 1496 4949 1608 5023; x_wconf 86' lang='lat' dir='ltr'>partes</span> <span class='ocrx_word' id='word_1_488' title='bbox 1629 4966 1689 5026; x_wconf 89' lang='lat' dir='ltr'><strong>per</strong></span> <span class='ocrx_word' id='word_1_489' title='bbox 1710 4970 1758 5024; x_wconf 89' lang='lat' dir='ltr'><strong>se,</strong></span> <span class='ocrx_word' id='word_1_490' title='bbox 1780 4958 1835 5019; x_wconf 87' lang='grc'><strong>661</strong></span> 
     </span>
     <span class='ocr_line' id='line_1_73' title="bbox 1040 5042 1835 5126; baseline 0.021 -26"><span class='ocrx_word' id='word_1_491' title='bbox 1040 5044 1273 5116; x_wconf 89' lang='lat' dir='ltr'>procuratores</span> <span class='ocrx_word' id='word_1_492' title='bbox 1286 5042 1435 5114; x_wconf 88' lang='lat' dir='ltr'>idoneos,</span> <span class='ocrx_word' id='word_1_493' title='bbox 1450 5046 1659 5108; x_wconf 89' lang='grc'><strong>6661666666</strong></span> <span class='ocrx_word' id='word_1_494' title='bbox 1678 5067 1835 5126; x_wconf 89' lang='grc'><strong>6663666-</strong></span> 
     </span>
     <span class='ocr_line' id='line_1_74' title="bbox 1039 5139 1836 5216; baseline 0.019 -18"><span class='ocrx_word' id='word_1_495' title='bbox 1039 5139 1116 5199; x_wconf 85' lang='lat' dir='ltr'>liter</span> <span class='ocrx_word' id='word_1_496' title='bbox 1130 5140 1323 5201; x_wconf 89' lang='lat' dir='ltr'>intermino</span> <span class='ocrx_word' id='word_1_497' title='bbox 1339 5143 1522 5216; x_wconf 79' lang='lat' dir='ltr'>praetaxato</span> <span class='ocrx_word' id='word_1_498' title='bbox 1542 5146 1656 5206; x_wconf 91' lang='lat' dir='ltr'>nostro</span> <span class='ocrx_word' id='word_1_499' title='bbox 1677 5164 1714 5209; x_wconf 90' lang='lat' dir='ltr'><strong>se</strong></span> <span class='ocrx_word' id='word_1_500' title='bbox 1735 5166 1836 5213; x_wconf 90' lang='lat' dir='ltr'>cons·</span> 
     </span>
     <span class='ocr_line' id='line_1_75' title="bbox 1039 5237 1833 5323; baseline 0.018 -27"><span class='ocrx_word' id='word_1_501' title='bbox 1039 5237 1149 5313; x_wconf 89' lang='lat' dir='ltr'>pectui</span> <span class='ocrx_word' id='word_1_502' title='bbox 1169 5239 1410 5313; x_wconf 88' lang='lat' dir='ltr'>repraesentent</span> <span class='ocrx_word' id='word_1_503' title='bbox 1424 5241 1623 5303; x_wconf 90' lang='lat' dir='ltr'>sententiam</span> <span class='ocrx_word' id='word_1_504' title='bbox 1638 5248 1833 5323; x_wconf 86' lang='lat' dir='ltr'>recepturae.</span> 
     </span>
     <span class='ocr_line' id='line_1_76' title="bbox 1039 5334 1837 5419; baseline 0.014 -24"><span class='ocrx_word' id='word_1_505' title='bbox 1039 5334 1088 5395; x_wconf 84' lang='lat' dir='ltr'><strong>Ad</strong></span> <span class='ocrx_word' id='word_1_506' title='bbox 1101 5334 1174 5395; x_wconf 85' lang='lat' dir='ltr'><strong>haec</strong></span> <span class='ocrx_word' id='word_1_507' title='bbox 1193 5335 1346 5396; x_wconf 81' lang='lat' dir='ltr'>volumus</span> <span class='ocrx_word' id='word_1_508' title='bbox 1361 5338 1561 5401; x_wconf 87' lang='lat' dir='ltr'>auctoritate</span> <span class='ocrx_word' id='word_1_509' title='bbox 1578 5341 1673 5403; x_wconf 87' lang='grc'><strong>66113</strong></span> <span class='ocrx_word' id='word_1_510' title='bbox 1688 5360 1837 5419; x_wconf 88' lang='lat' dir='ltr'>praesen-</span> 
     </span>
     <span class='ocr_line' id='line_1_77' title="bbox 1039 5430 1832 5505; baseline 0.015 -13"><span class='ocrx_word' id='word_1_511' title='bbox 1039 5430 1123 5492; x_wconf 91' lang='lat' dir='ltr'>tium</span> <span class='ocrx_word' id='word_1_512' title='bbox 1142 5432 1230 5493; x_wconf 90' lang='lat' dir='ltr'>sicut</span> <span class='ocrx_word' id='word_1_513' title='bbox 1249 5432 1336 5493; x_wconf 90' lang='grc'><strong>61163</strong></span> <span class='ocrx_word' id='word_1_514' title='bbox 1355 5434 1540 5497; x_wconf 85' lang='lat' dir='ltr'>venerabili</span> <span class='ocrx_word' id='word_1_515' title='bbox 1562 5437 1659 5499; x_wconf 91' lang='grc'><strong>166161</strong></span> <span class='ocrx_word' id='word_1_516' title='bbox 1681 5445 1832 5505; x_wconf 89' lang='grc'><strong>663166...</strong></span> 
     </span>
     <span class='ocr_line' id='line_1_78' title="bbox 1040 5529 1836 5612; baseline 0.016 -24"><span class='ocrx_word' id='word_1_517' title='bbox 1040 5529 1196 5606; x_wconf 89' lang='grc'><strong>66136666</strong></span> <span class='ocrx_word' id='word_1_518' title='bbox 1208 5530 1394 5592; x_wconf 87' lang='grc' dir='ltr'><strong>Ρ661316631</strong></span> <span class='ocrx_word' id='word_1_519' title='bbox 1407 5533 1441 5593; x_wconf 92' lang='grc'><strong>61</strong></span> <span class='ocrx_word' id='word_1_520' title='bbox 1455 5534 1593 5610; x_wconf 88' lang='lat' dir='ltr'>collegis</span> <span class='ocrx_word' id='word_1_521' title='bbox 1608 5539 1680 5612; x_wconf 85' lang='lat' dir='ltr'>ejus</span> <span class='ocrx_word' id='word_1_522' title='bbox 1695 5542 1836 5602; x_wconf 88' lang='lat' dir='ltr'>manda-</span> 
     </span>
     <span class='ocr_line' id='line_1_79' title="bbox 1039 5627 1835 5716; baseline 0.016 -27"><span class='ocrx_word' id='word_1_523' title='bbox 1039 5627 1149 5689; x_wconf 80' lang='lat' dir='ltr'>vimus</span> <span class='ocrx_word' id='word_1_524' title='bbox 1177 5627 1405 5705; x_wconf 88' lang='lat' dir='ltr'>injungentes,</span> <span class='ocrx_word' id='word_1_525' title='bbox 1431 5632 1468 5692; x_wconf 89' lang='lat' dir='ltr'><strong>ut</strong></span> <span class='ocrx_word' id='word_1_526' title='bbox 1493 5648 1566 5693; x_wconf 90' lang='lat' dir='ltr'><strong>cum</strong></span> <span class='ocrx_word' id='word_1_527' title='bbox 1596 5633 1737 5698; x_wconf 90' lang='lat' dir='ltr'>ecclesia</span> <span class='ocrx_word' id='word_1_528' title='bbox 1761 5638 1835 5716; x_wconf 91' lang='lat' dir='ltr'>ipsa</span> 
     </span>
    </p>
   </div>
   <div class='ocr_carea' id='block_1_18' title="bbox 0 0 2114 6400">
    <p class='ocr_par' dir='ltr' id='par_1_19' title="bbox 0 0 2114 6400">
     <span class='ocr_line' id='line_1_80' title="bbox 0 0 2114 6400; baseline 0 3"><span class='ocrx_word' id='word_1_529' title='bbox 0 0 2114 6400; x_wconf 95' lang='lat' dir='ltr'><strong> </strong></span> 
     </span>
    </p>
   </div>
  </div>
 </body>
</html>
