4217 6400
297 358 358 420 175

297 517 404 594 pario,
416 533 532 596 reguo,
545 518 680 596 juribus
692 519 727 579 et
742 516 926 578 honoribus
941 519 1010 579 suis
1029 517 1092 578 sub

296 613 387 676 beati
397 616 489 676 Petri
498 618 531 676 et
541 615 655 676 nostra
664 603 872 690 'protectione
881 614 1091 690 suscipimus,

297 711 481 772 districtius
489 711 726 771 inhibentesne
735 709 1094 787 quisiuterimeainua-

298 807 389 877 dere,
398 807 551 868 minuere
564 807 617 866 vel
629 807 724 867 modo
740 805 887 884 quolibet
898 805 1094 882 perturbare

297 905 489 979 praesumat,
500 904 556 963 sed
565 903 715 979 usquead
725 904 867 964 reditum
875 902 1014 978 eiussub
1023 918 1095 978 spe-

299 1000 378 1060 ciali
392 1000 591 1074 Apostolicae
608 1000 702 1060 Sedis
721 1001 754 1060 et
768 1000 1093 1075 archiepiscoporum

299 1096 333 1165 at
347 1097 576 1172 episcoporum
599 1096 790 1156 defensione
803 1096 910 1157 libera
929 1098 963 1157 et
984 1097 1094 1172 quieta

299 1193 495 1254 consistant.
513 1193 675 1264 Quocirca
698 1191 893 1279 discretioni
904 1194 1024 1253 vestrae
1036 1206 1096 1268 per

298 1291 489 1364 Apostolica
502 1290 626 1366 scripta
641 1289 866 1364 praecipiendo
886 1288 1093 1360 mandamus,

301 1388 475 1462 quatenus,
490 1387 518 1445 si
537 1387 592 1462 qui
608 1388 724 1448 contra
738 1384 996 1462 prohibitionem
1011 1401 1094 1446 nos-

300 1482 387 1552 tram
401 1498 486 1549 ausu
506 1483 684 1542 temerario
700 1483 884 1553 uenientes,
906 1482 1012 1557 ipsius
1027 1483 1095 1541 im-

300 1580 468 1656 peratoris
483 1579 629 1640 honores
656 1581 689 1640 et
709 1583 799 1656 jura,
814 1595 887 1655 quae
910 1577 997 1638 intra
1013 1579 1096 1638 lines

299 1677 368 1736 tuae
380 1676 585 1751 metropolis,
601 1676 705 1737 frater
719 1675 981 1751 archiepiscope,
1005 1674 1096 1738 obii-

301 1774 371 1844 net,
395 1772 553 1833 invadere
575 1773 627 1833 vel
649 1774 800 1832 minuere
816 1788 875 1831 seu
890 1771 1098 1848 quomodoli-

300 1867 357 1929 bet
370 1870 619 1944 praesumpserit
642 1867 788 1930 indebite
804 1867 1012 1944 perturbare,
1029 1867 1096 1927 hu-

297 1963 1096 2041 jusmodipraesumptares‚undecumquetuerint,

303 2063 339 2124 nt
352 2078 373 2136 a
387 2077 449 2122 sua
464 2062 721 2138 praesumptione
734 2062 896 2124 desistant
909 2063 942 2122 et
954 2062 995 2122 de
1010 2077 1099 2137 prae-

302 2159 442 2236 sumptis
455 2159 600 2220 debitam
614 2158 875 2219 satisfactionem
893 2159 1096 2242 impendant,

302 2257 485 2318 monitione
506 2256 687 2334 praemissa,
702 2271 761 2333 per
774 2255 1097 2316 excommunicatio-

302 2353 429 2418 nemin
453 2367 613 2430 personas
641 2355 674 2412 et
699 2353 911 2412 interdictum
933 2353 968 2412 in
983 2368 1098 2414 eorum

301 2451 423 2521 terras,
439 2450 663 2526 appellatione
692 2451 831 2515 remota,
854 2449 992 2524 cogatis,
1010 2464 1097 2524 quo-

302 2547 391 2611 tiens
415 2545 546 2609 fueritis
565 2545 728 2622 requisiti.
753 2545 844 2616 Quod
868 2546 897 2606 si
918 2562 986 2606 non
1001 2545 1097 2606 ambo

304 2643 358 2704 his
381 2643 601 2721 exsequendis
620 2643 795 2720 potueritis
818 2642 991 2714 interesse,
1013 2643 1098 2704 alter

202 2807 204 2810 .
304 2742 512 2800 vestrumea
536 2739 753 2799 nihilominus
769 2741 1004 2816 exsequantur.
1032 2742 1098 2800 Da-

306 2837 377 2898 tum
392 2838 561 2908 Laterani,
580 2836 691 2897 idibus
708 2837 869 2913 januarii,
886 2836 1097 2914 pontificatus

306 2933 413 2998 nostri
434 2950 522 2995 anno
539 2933 723 2995 undecimo

639 3163 763 3251 XLIV

303 3316 356 3377 Ad
381 3317 573 3377 iohannem
596 3314 718 3375 natum
744 3314 963 3389 Marparitoe,
984 3328 1096 3387 qnoti-

333 3415 414 3473 dam
430 3411 817 3485 Constantinopolitano
828 3412 1075 3486 imperatricis.

571 3540 606 3596 15
613 3540 736 3613 januarii
751 3541 830 3599 1227.

453 3662 546 3727 [Fcian
558 3662 621 3714 Cod.
634 3662 753 3725 diplom,
768 3663 811 3721 lll,
822 3676 852 3721 u,
867 3662 935 3728 llll]

302 3790 376 3847 Eum
389 3787 425 3845 od
439 3786 648 3860 expeditionem
662 3794 759 3844 contra
773 3789 941 3857 Paterenos,
953 3788 1005 3843 aab
1016 3802 1095 3845 com·

364 3876 521 3950 minatioqe
541 3875 857 3945 excommunicationis,
875 3876 1029 3947 compellit.

342 4009 523 4079 Honorius,
542 4009 623 4078 etc,
650 4008 770 4068 dilecto
792 4006 861 4069 tilio
892 4009 996 4069 nobili
1024 4010 1097 4070 viro

302 4104 459 4177 iohanni,
476 4107 554 4166 nato
579 4105 701 4165 nobilis
723 4105 872 4165 mulieris
892 4106 1096 4181 Margarita,

303 4204 467 4281 quondam
480 4203 1095 4279 imperatricisconstantinopolitane,

304 4301 456 4372 salutem,
472 4302 533 4361 etc.

343 4397 550 4473 Significavit
565 4396 659 4456 nobis
674 4396 876 4457 venerabilis
897 4396 1000 4458 haten
1014 4412 1097 4457 nos-

301 4500 364 4567 ter,
382 4495 652 4571 archiepiscopus
675 4495 876 4565 colocensis,
894 4494 980 4569 quod
998 4496 1034 4555 tu
1049 4496 1098 4553 CC
1127 4486 1128 4489 ’

303 4594 425 4654 marcis
450 4593 593 4668 receptis
613 4591 722 4662 abeo,
738 4592 847 4650 crucis
869 4593 901 4651 te
924 4592 1098 4665 signaculo

302 4689 473 4764 insignisti
489 4692 604 4749 contra
628 4688 805 4748 haereticos
833 4686 874 4746 de
895 4688 1017 4747 Bosnia
1036 4705 1099 4763 pu-

301 4790 474 4863 gnaturus.
493 4785 557 4846 Sed
572 4799 784 4861 nequaquam
809 4784 993 4854 attendens,
1011 4785 1097 4860 quod

301 4884 398 4955 saliit,
413 4884 522 4961 -qui
536 4886 639 4942 Deum
655 4881 769 4951 credit,
792 4881 901 4956 -qui
917 4882 1097 4941 secundum

302 4981 496 5058 Apostolum
512 4978 648 5039 minime
666 4976 835 5048 irridetur,
859 4978 917 5037 sed
933 4976 1097 5039 derisores

302 5080 373 5155 ipse
387 5078 525 5147 deridet,
546 5077 661 5136 contra
676 5074 780 5135 dictos
796 5074 971 5135 haereticos
984 5076 1099 5136 hacte-

302 5192 367 5237 nus
390 5190 457 5237 non
483 5173 609 5233 curasti
635 5172 825 5249 procedere,
843 5170 884 5232 ab
905 5172 1019 5232 eodem
1039 5188 1098 5233 ar-

302 5274 515 5350 chiepiscopo
526 5270 650 5347 pluries
663 5269 844 5346 requisitus
854 5254 942 5346 3‘qui,
955 5270 984 5329 si
998 5286 1098 5346 prop-

302 5375 354 5434 ter
367 5372 431 5432 hoc
452 5368 536 5429 nihil
552 5369 746 5443 recepisses,
773 5366 912 5427 deberes
926 5366 1099 5427 nihilomi-

301 5486 365 5531 nus
389 5484 432 5528 ex
455 5465 567 5527 animo
598 5465 753 5542 persequi
780 5464 934 5541 perildos,
961 5464 996 5524 ut
1020 5464 1097 5524 ildei

301 5570 368 5631 tuae
395 5562 546 5641 probatio
568 5563 692 5623 clarius
723 5564 880 5623 eluceret.
911 5561 995 5633 Quia
1016 5576 1097 5622 vero

302 5662 454 5742 displicet
469 5664 536 5723 Deo
561 5660 737 5738 promissio
756 5659 912 5730 infidelis,
929 5674 991 5720 nec
1005 5674 1097 5735 prae-

790 445 794 451 .
907 361 1084 422 nonanti
1105 359 1151 420 111
1172 361 1319 421 orum.

1874 359 1933 422 176

1148 515 1289 580 sumitur
1312 515 1409 578 fidem
1441 515 1631 577 homiuibus
1656 516 1859 588 servaturus,
1886 519 1943 594 qui

1147 631 1252 678 raras
1266 615 1330 692 ipsi
1346 629 1412 674 non
1429 614 1535 690 potest
1550 613 1694 674 existere
1709 613 1862 688 veritati;
1886 631 1944 674 uo-

1148 711 1308 772 bilitatem
1322 713 1412 772 tuam
1426 725 1592 785 rogamus,
1606 727 1778 770 monemus
1788 713 1821 771 et
1834 710 1944 772 horta·

1148 825 1223 869 mur
1232 810 1370 880 attente,
1384 823 1444 884 per
1456 808 1644 883 apostolica
1653 808 1776 883 scripta
1788 807 1946 867 mandan-

1148 905 1208 976 tes,
1226 907 1389 980 quatenus
1411 904 1664 979 promissionem
1688 905 1778 963 tuam
1802 901 1946 964 fideliter

1149 1016 1363 1076 prosequens,
1389 1002 1505 1062 contra
1537 995 1736 1060 memoratos
1768 999 1945 1061 haereticos

1150 1113 1306 1157 unacum
1323 1097 1480 1173 praedicto
1505 1097 1757 1172 archiepiscopo
1781 1097 1944 1172 procedas

1150 1193 1292 1254 viriliter
1307 1195 1339 1254 et
1354 1195 1522 1270 potentem
1546 1195 1682 1254 acturus
1706 1193 1754 1254 ita
1776 1208 1819 1252 ex
1833 1193 1946 1254 animo

1150 1305 1285 1350 calisam
1301 1289 1434 1360 Christi,
1459 1289 1544 1364 quod
1560 1289 1704 1364 gratiam
1723 1290 1759 1350 in
1775 1290 1946 1366 praesenti,

1151 1387 1184 1448 et
1202 1388 1236 1446 in
1260 1385 1372 1448 tuturo
1387 1386 1527 1460 gloriam
1543 1388 1714 1447 merearis.
1731 1386 1889 1462 Alioquin
1906 1402 1949 1447 ne

1151 1483 1210 1544 tibi
1227 1484 1341 1543 contra
1357 1483 1497 1562 salutem
1519 1485 1610 1544 tuam
1630 1483 1730 1544 noxie
1744 1482 1946 1554 deteramus,

1152 1580 1282 1640 dilectis
1298 1580 1376 1639 filiis
1392 1580 1568 1656 praeposito
1584 1582 1617 1641 et
1639 1579 1797 1654 magistro
1812 1579 1949 1655 Ypolito

1152 1677 1312 1736 canonico
1328 1675 1538 1744 Albensihus,
1558 1676 1814 1752 vesprimiensis
1830 1676 1949 1738 dioece·

1153 1774 1209 1840 sis,
1226 1773 1349 1833 nostris
1363 1773 1479 1832 damus
1494 1773 1613 1834 litteris
1626 1773 1661 1832 in
1674 1772 1850 1844 mandatis,
1865 1775 1902 1834 ut
1913 1776 1947 1834 te

1153 1870 1193 1929 ad
1205 1869 1435 1946 complendum
1450 1869 1659 1945 promissum,
1672 1870 1757 1946 quod
1767 1871 1840 1930 sine
1851 1871 1948 1946 gravi

1153 1971 1287 2042 peccato
1301 1982 1367 2026 non
1388 1981 1523 2026 servare
1546 1981 1612 2026 non
1634 1969 1737 2044 polee,
1755 1983 1951 2042 percensu-

1153 2079 1223 2124 ram
1251 2063 1523 2133 ecclesiasticam,
1555 2062 1777 2140 appellatione
1807 2065 1947 2132 remota,

1153 2160 1284 2235 cognita
1300 2161 1439 2220 veritate
1464 2160 1673 2235 compellant.
1699 2161 1818 2220 Datum
1843 2162 1947 2222 Late-

1153 2258 1238 2326 rani,
1254 2259 1360 2316 XVlll
1374 2255 1534 2316 kalendas
1550 2255 1721 2328 februarii,
1737 2256 1948 2332 pontificatus

1154 2354 1258 2415 nostri
1273 2369 1361 2414 anno
1378 2353 1563 2414 undecimo.

1241 2669 1293 2733 Aa
1317 2671 1538 2735 Titantonicos
1561 2676 1653 2734 ciues
1678 2675 1719 2734 de
1743 2675 1852 2734 Vtsba.

1420 2793 1585 2866 lljanuarii
1602 2794 1681 2850 1227.

1262 2907 1454 2972 [Turgoneviua
1469 2909 1537 2956 bion.
1550 2907 1657 2966 hassiae,
1671 2908 1691 2966 l,
1702 2907 1742 2965 20,
1753 2921 1778 2956 u.
1788 2908 1839 2974 tn]

1152 3023 1185 3080 lu
1201 3021 1281 3080 Sedis
1300 3023 1470 3096 spostolicae
1489 3023 1606 3079 tutelam
1621 3023 1805 3094 recipiuntur,
1821 3037 1856 3080 eo
1872 3023 1949 3094 quod

1312 3109 1471 3182 neophytos
1484 3110 1608 3168 Esto'niae
1620 3109 1785 3168 detendunt.

1193 3238 1358 3299 Honorius
1400 3239 1586 3314 episcopus,
1625 3254 1740 3299 servus
1774 3254 1946 3299 servorum

1152 3336 1248 3395 Dei...
1266 3334 1478 3395 Thentonicis
1496 3334 1624 3395 civibus
1640 3334 1680 3395 de
1694 3333 1799 3395 Visbu
1813 3334 1947 3395 inhabi-

1152 3431 1314 3493 tatoribus
1329 3432 1511 3503 Golandiae,
1529 3433 1591 3493 etc.

1192 3529 1262 3590 Etsi
1291 3530 1427 3613 curnotos
1453 3528 1576 3614 Christi
1611 3527 1726 3588 tidoles
1754 3526 1946 3603 apostolica

1154 3626 1255 3687 Sedes
1269 3625 1426 3701 tanquam
1442 3625 1496 3701 pia
1513 3628 1618 3685 mater
1632 3624 1726 3700 gerat
1740 3622 1776 3684 in
1798 3623 1946 3685 visceri-

1152 3722 1213 3782 bus
1228 3722 1388 3792 caritatis,
1404 3737 1461 3781 eos
1471 3723 1593 3792 tamen,
1611 3736 1693 3797 qnos
1711 3722 1745 3781 in
1759 3720 1823 3781 tide
1838 3720 1948 3782 stabi·

1153 3818 1213 3891 les,
1229 3822 1261 3880 et
1275 3818 1309 3878 in
1324 3833 1423 3894 opere
1443 3818 1606 3894 conspicit
1621 3802 1784 3889 efficaces,
1810 3816 1949 3893 speciali

1153 3915 1341 3977 dilectionis
1357 3916 1478 3976 affectu
1500 3916 1732 3991 complectens,
1750 3916 1841 3974 tanto
1857 3914 1951 3989 ipso-

1152 4028 1226 4073 rum
1242 4012 1327 4074 votis
1350 4012 1438 4073 taret
1458 4011 1686 4075 favorabilius.
1704 4013 1827 4087 quanto
1848 4011 1949 4071 iidem

1152 4114 1226 4186 ejus
1239 4110 1381 4185 gratiam
1395 4109 1489 4185 quasi
1512 4109 1656 4184 propriis
1669 4109 1797 4168 meritis
1813 4107 1878 4167 sibi
1893 4108 1948 4167 vi-

1152 4207 1273 4267 dentur
1283 4207 1407 4280 jastius
1422 4204 1611 4265 vendicare.
1632 4206 1711 4263 Cum
1736 4204 1848 4279 igitur,
1864 4204 1949 4265 siout

1153 4304 1351 4379 accepimus,
1367 4303 1438 4363 zelo
1466 4302 1541 4361 tidei
1569 4300 1766 4361 Christiane
1794 4300 1948 4361 succensi

1153 4402 1283 4460 noviter
1298 4414 1476 4459 conversos
1493 4398 1533 4457 ad
1557 4396 1655 4457 fldem
1671 4398 1705 4456 in
1721 4396 1872 4472 partibus
1887 4398 1947 4456 Li-

1153 4498 1271 4567 uoniae,
1291 4498 1322 4556 et
1338 4494 1480 4556 listoniae
1493 4510 1511 4554 a
1526 4494 1792 4569 persecutoribus
1806 4494 1949 4554 sollicite

1153 4594 1347 4661 defendatis,
1367 4594 1435 4653 tam
1461 4591 1612 4666 paganis,
1630 4606 1727 4666 quam
1748 4591 1888 4651 Rutenis
1904 4590 1951 4649 vi·

1153 4690 1263 4751 aliter
1284 4688 1484 4758 obsistendo,
1502 4686 1706 4759 maiestas
1727 4670 1948 4762 suppuratio-

1153 4787 1250 4847 nibus
1266 4788 1462 4855 annuentes,
1478 4800 1549 4853 vos‚
1575 4785 1754 4854 civitatem,
1771 4786 1804 4844 et
1818 4784 1950 4859 portum

1152 4886 1300 4943 uestrum
1315 4880 1376 4941 sub
1401 4880 1489 4940 beati
1514 4880 1604 4939 Petri
1630 4882 1662 4939 et
1685 4882 1798 4940 nostra
1814 4880 1950 4954 proteo-

1153 4979 1242 5041 tioue
1267 4978 1476 5054 suscipimus,
1502 4980 1534 5039 et
1558 4964 1950 5052 praesennssoripiipa-

1153 5076 1295 5139 trocinio
1310 5074 1564 5145 communimus,
1581 5074 1773 5149 expressius
1789 5072 1950 5133 inhiben-

1143 5176 1201 5235 tes
1218 5188 1259 5232 ne
1271 5173 1355 5249 quis,
1372 5188 1430 5249 pro
1444 5187 1483 5232 eo
1500 5171 1586 5247 quod
1608 5171 1648 5230 ad
1663 5170 1900 5243 Osilianorum,
1917 5173 1952 5233 et

1153 5271 1294 5331 aliarum
1323 5270 1471 5346 gentium
1487 5268 1740 5329 conversionem
1763 5268 1947 5340 intenditis,

1152 5367 1245 5429 vobis
1277 5368 1462 5428 molestiam
1500 5364 1634 5435 inierat,
1664 5365 1717 5425 vel
1754 5380 1948 5440 gravamen.

1152 5466 1243 5526 Nulli
1259 5480 1349 5539 ergo,
1363 5465 1437 5534 etc,
1455 5464 1578 5524 nostrae
1594 5462 1822 5537 protectionis,
1833 5462 1895 5523 etc.
1914 5462 1951 5523 Si

1152 5562 1226 5639 quis
1241 5567 1363 5633 autem,
1380 5562 1442 5623 eto.
1464 5562 1582 5622 Datum
1607 5559 1774 5627 Laterani,
1790 5561 1866 5621 XVI
1888 5558 1954 5621 ha·

1151 5660 1267 5721 landas
1282 5658 1454 5729 februarii,
1472 5672 1559 5718 anno
1572 5656 1758 5717 undecimo.
