4217 6400
157 316 222 376 len·
763 311 1094 383 emereamur.
1117 313 1172 371 ru.
1363 268 1365 276 ’
1731 291 1789 371 fes

156 472 305 545 seminat,
319 487 419 549 parce
437 471 470 536 et
485 472 597 543 metet,
616 471 721 550 etqui
741 471 885 533 seminat
907 465 942 530 in
998 469 1151 532 testatem
1177 467 1370 531 nullatenus
1398 469 1598 538 admittatis,
1625 485 1686 531 nec
1705 469 1791 530 allas

154 569 446 642 benedictionibus
454 569 787 632 debenedictionibus
797 569 831 630 et
844 567 945 629 metet
997 566 1039 627 ab
1048 583 1088 628 eo
1096 566 1269 644 patiamini
1279 582 1338 629 vos
1347 567 1476 640 seduoi;
1489 567 1545 628 sed
1555 555 1660 627 cuma
1671 565 1791 628 dilecto

155 667 255 729 vitam
269 667 450 742 aternam,
466 667 545 728 binc
557 669 619 739 est,
636 666 812 744 quodcum
831 664 943 725 dilecti
998 664 1068 724 filio
1084 664 1197 726 nostro
1211 661 1477 742 J(oanue),tituli
1490 665 1620 725 sanctas
1630 661 1791 724 praxedis

156 764 215 824 alli
227 763 425 840 praepositus
448 764 483 825 et
497 764 678 841 capitulum
698 763 945 825 Nortbusenses
998 759 1191 837 presbytero
1206 761 1381 832 cardinali,
1402 763 1533 822 rectore
1553 761 1691 822 ducatus
1708 763 1793 837 Spo-

155 861 328 922 iutendaut
349 853 566 938 reparationi·
581 861 733 923 ecclesiae
762 876 844 931 suae,
871 868 945 936 quae
999 858 1068 930 leti,
1085 858 1138 920 vel
1153 861 1226 934 ejus
1242 857 1364 919 nuncio
1386 857 1538 934 requisiti
1554 858 1696 932 fueritis,
1717 873 1793 918 eum

156 958 281 1020 tantum
305 958 453 1019 minatur
475 975 544 1034 prae
567 958 673 1020 nimia
696 957 860 1019 vetustate
873 957 946 1018 rui·
999 955 1166 1016 hostiliter
1186 955 1419 1032 impugnantes
1441 955 1552 1017 vivam
1567 971 1723 1030 guerram
1743 954 1795 1015 fa-

155 1071 241 1126 nam,
259 1055 346 1130 quod
369 1055 469 1116 iidem
491 1055 527 1116 iu
549 1055 651 1116 cboro
675 1057 708 1116 et
723 1053 896 1133 presbyter
909 1053 945 1112 in
1000 1053 1097 1114 ciatis
1113 1053 1244 1114 eidem:
1267 1053 1415 1129 alioquin
1442 1069 1571 1130 poenam
1596 1053 1667 1114 sive
1688 1051 1793 1129 spiri-

155 1151 253 1212 altari
265 1151 416 1213 dubitent
430 1150 600 1213 celebrare
612 1152 737 1223 divina,
756 1165 818 1211 uec
831 1150 873 1211 ad
883 1149 946 1210 boc
1000 1150 1123 1212 tualem
1139 1150 1209 1210 sive
1223 1151 1450 1227 temporalem,
1467 1165 1564 1227 quam
1578 1151 1712 1226 propter
1731 1149 1795 1210 boc

154 1247 258 1324 ipsius
271 1248 423 1309 ecclesiae
434 1249 602 1310 sufficiant
612 1247 799 1319 facultates,
816 1247 948 1306 univer·
1000 1247 1087 1308 idem
1100 1247 1280 1308 cardinalis
1295 1246 1391 1309 vobis
1411 1246 1594 1315 inflexerit,
1610 1247 1717 1308 ratam
1732 1247 1796 1306 ba-

158 1345 289 1407 sitatem
312 1346 457 1407 vestram
476 1361 649 1407 monemus
666 1347 699 1406 et
717 1345 890 1406 hortamur
910 1344 946 1402 iu
1001 1343 1073 1404 beri
1091 1345 1243 1404 uolumus
1265 1345 1298 1406 et
1321 1343 1463 1404 firmiter
1478 1342 1660 1404 observari.
1676 1346 1795 1403 Datum

153 1443 305 1514 Domino,
317 1442 416 1520 atque
430 1443 466 1503 in
480 1443 713 1504 remissionem
727 1441 821 1505 vobis
835 1441 948 1518 injuu-
1002 1441 1169 1513 Laterani,
1185 1443 1229 1502 IV
1243 1440 1311 1501 kal.
1325 1441 1449 1514 martii,
1467 1439 1678 1517 pontificatus
1691 1439 1796 1501 nostri

154 1541 260 1616 gimru
275 1541 675 1618 peccatorum,'quateuus
690 1539 730 1600 de
743 1538 841 1600 bonis
852 1537 947 1599 vobis
1002 1553 1090 1601 auno
1112 1538 1298 1600 undecimo,

154 1640 253 1698 abeo
266 1637 397 1699 collatis
412 1640 507 1713 grata
522 1637 571 1699 eis
586 1638 628 1698 ad
643 1637 706 1697 boc
716 1636 849 1712 pietatis
864 1635 947 1696 sub-

156 1735 238 1796 sidia
252 1734 444 1807 conferatis,
465 1735 502 1796 ut
522 1751 582 1812 per
599 1733 850 1797 subventionem
871 1748 949 1794 ves·
1027 1789 1033 1802 ,

155 1833 238 1895 uam
253 1849 337 1910 opus
352 1832 544 1909 hujusmodi
557 1831 668 1892 valeat
680 1829 905 1891 consummari
916 1830 950 1892 et
1003 1804 1081 1865 gma

155 1946 293 2006 vesper
321 1930 393 1990 baec
418 1929 545 1990 atalia
569 1928 667 2000 bona,
696 1944 781 2005 quae,
808 1927 948 1989 Domino

156 2027 352 2104 inspirante,
363 2026 521 2098 feceritis,
534 2025 575 2086 ad
587 2026 720 2087 aeternae
733 2022 867 2102 possitis
880 2023 950 2084 feli·

155 2124 268 2184 citatis
278 2123 400 2199 gaudia
413 2123 601 2198 pervenire.
615 2123 685 2183 Nos
695 2123 784 2182 enim
795 2121 837 2182 de
847 2120 950 2181 omni·
1342 2070 1465 2158 LXIX

155 2219 299 2296 potentis
313 2221 372 2281 Dei
384 2220 614 2280 misericordia
627 2219 843 2280 etbeatorum
857 2215 950 2278 Petri
1004 2211 1273 2296 Ad'potestatem
1292 2221 1325 2282 et
1345 2234 1525 2282 commune
1545 2222 1795 2282 Ariminenses.

156 2317 189 2377 et
202 2316 299 2378 Pauli
320 2317 545 2393 apostolorum
561 2319 634 2393 ejus
649 2315 847 2377 auctoritate
869 2329 950 2374 con·
1254 2361 1288 2418 tl
1310 2357 1445 2416 februarii
1471 2359 1539 2416 1227

156 2414 228 2486 fisi,
252 2413 406 2475 omuibus
428 2413 535 2474 eidem
567 2413 660 2490 operi
686 2428 806 2473 manus
830 2411 950 2471 auxilii
1543 2399 1550 2415 ’

156 2510 421 2588 porrigentibus,
443 2511 564 2586 viginti
578 2510 649 2571 dies
665 2509 706 2570 de
719 2509 871 2586 injuncta
886 2507 950 2568 sibi
1048 2483 1180 2548 [Tharnen
1194 2482 1255 2534 (Μ’
1270 2481 1377 2547 diplom.
1392 2482 1460 2532 ‘¹⁰¹⁰‘
1475 2488 1566 2546 temp,
1576 2482 1596 2539 1.
1606 2481 1647 2540 ⁸³⁹
1657 2496 1685 2532 ¹¹‘
1697 2481 1763 2545 llo]

157 2608 353 2685 poenitentia
378 2608 590 2678 relaxamus,
626 2605 847 2682 praesentibus
877 2606 952 2681 post
1006 2609 1041 2666 tlt
1068 2605 1235 2679 lngbiremo
1264 2604 1300 2662 de
1330 2606 1472 2662 blacerata
1500 2605 1627 2676 ipsorum
1657 2602 1802 2676 quendem

156 2705 339 2766 triennium
364 2705 501 2764 minime
524 2703 689 2764 valituris,
719 2704 837 2763 Datum
852 2703 952 2762 Late·
1041 2695 1144 2752 rectori
1163 2693 1302 2766 justitiam
1320 2694 1434 2761 faciant,
1448 2693 1586 2766 legesque
1605 2694 1799 2750 Romanorum

157 2801 246 2873 rani,
263 2802 291 2861 v
306 2801 439 2861 kalend,
460 2800 583 2873 martii,
610 2799 822 2877 pontificatus
844 2798 951 2860 nostri
1040 2783 1221 2856 imperatoris
1239 2788 1338 2840 contra
1357 2781 1507 2839 haereticos
1521 2787 1626 2839 statuto
1644 2796 1744 2839 eorum
1759 2783 1802 2838 ci·

158 2912 246 2959 anno
263 2897 449 2960 undecimo·
1040 2873 1138 2931 vitatis
1151 2872 1289 2930 inserant.

1041 1695 1086 1757 lu
1107 1693 1266 1752 cumdem
1284 1693 1424 1752 modum
1446 1659 1629 1762 redempor
1650 1690 1704 1750 die
1719 1687 1800 1748 Ful-

1083 1787 1171 1850 tibus
1194 1787 1353 1865 scriptum
1377 1788 1438 1848 est.

1046 2997 1214 3060 Honorius
1241 2997 1427 3075 episcopus,
1458 2995 1534 3068 etc,
1562 2994 1692 3056 dilectis
1723 2994 1802 3054 flliis

474 3117 639 3206 LXVIII
1007 3095 1162 3173 potestati
1187 3095 1220 3157 et
1246 3095 1413 3156 communi
1436 3091 1717 3163 ariminensibus,
1741 3107 1801 3152 sa-

1007 3194 1120 3266 lutem,
1142 3193 1204 3255 etc.

159 3274 211 3335 Aa
227 3269 434 3346 mmmm
448 3269 482 3330 εἰ
498 3274 662 3342 mulum
675 3269 953 3331 mmmmm&
1048 3295 1189 3353 Gravem
1209 3288 1322 3353 dilecti
1343 3290 1405 3350 filii
1424 3292 1449 3350 1.
1475 3289 1516 3350 de
1535 3288 1703 3351 Macerata
1719 3287 1802 3349 civis

405 3408 441 3466 id
459 3406 593 3465 februarii
614 3407 692 3465 1227,
1008 3388 1208 3451 Mutinensis
1242 3388 1428 3463 recepimus
1455 3386 1685 3463 quaestionem,
1713 3384 1801 3461 quod

1007 3486 1180 3549 Ariminus
1205 3485 1245 3547 de
1260 3484 1435 3546 Bonliletto
1460 3484 1493 3545 et
1506 3486 1615 3543 Bucca
1629 3482 1669 3542 de
1685 3484 1801 3555 Ferre,

1008 3600 1049 3646 ac
1068 3582 1201 3661 qnidam
1228 3582 1287 3643 alii
1311 3582 1401 3643 cives
1428 3580 1657 3642 Ariminenses
1695 3579 1802 3641 eidem

159 3659 203 3717 Ne
223 3658 398 3731 llugoliuum
421 3656 591 3715 Perusinum
617 3656 711 3713 virum
736 3653 903 3712 seditiosum
924 3653 955 3711 iu
1007 3681 1077 3742 tum
1099 3681 1218 3743 vestra,
1238 3679 1383 3741 civitatis
1404 3678 1554 3753 regimen
1568 3674 1807 3751 obtinfflfipo„

301 3747 395 3803 civem
416 3746 460 3803 vel
477 3751 647 3818 potestatem
662 3744 811 3816 recipiant.
1009 3778 1127 3840 nentes
1153 3776 1316 3848 insidias,
1343 3778 1377 3837 et
1400 3776 1436 3837 up
1456 3775 1570 3852 ipsum⁴
1597 3773 1802 3844 morderent,

240 3482 369 3599 {Theium
378 3532 441 3583 God.
457 3532 520 3597 dipl.
533 3532 603 3582 dom.
614 3535 704 3594 temp,
716 3529 737 3587 l,
749 3529 789 3588 83,
801 3528 869 3593 lta]

198 3882 367 3943 Honorius
402 3881 587 3958 episcopus,
615 3880 690 3952 etc,
718 3878 849 3940 dilectis
875 3878 954 3939 filiis
1008 3876 1170 3938 insultum
1193 3875 1229 3935 in
1245 3890 1320 3935 eum
1343 3874 1469 3936 temere
1488 3872 1659 3944 facientes,
1685 3886 1805 3947 graves

160 3979 317 4056 potestati
337 3979 370 4039 et
384 3978 506 4054 populo
529 3976 832 4049 camerinensibus,
858 3976 954 4037 salu·
1010 3973 1117 4037 eidem
1150 3974 1293 4049 injurias
1320 3972 1524 4043 intulerunt,
1553 3986 1613 4046 pro
1642 3984 1681 4031 eo
1717 3968 1805 4047 quod

159 4079 245 4146 tem,
270 4076 333 4135 etc.
1010 4072 1170 4150 quasdam
1194 4086 1309 4132 eorum
1333 4068 1431 4141 filias,
1458 4082 1590 4129 sorores
1611 4067 1643 4127 et
1662 4082 1808 4127 consan-

201 4167 440 4238 lntelleximus,
466 4165 552 4244 quod
581 4166 638 4228 ille
668 4166 826 4239 famosus,
854 4167 954 4229 immo
1010 4170 1152 4246 guineas
1173 4168 1350 4228 haereticas
1374 4164 1570 4226 manifestas
1590 4164 1688 4239 juxta
1713 4163 1808 4224 debi-

161 4268 301 4329 insanus
325 4264 562 4325 seditionarius
582 4264 768 4340 Hugolinus
783 4265 953 4339 Hugoliui,
1010 4269 1081 4327 tum
1103 4265 1155 4325 sui
1171 4264 1273 4325 officii
1298 4262 1443 4339 ceperat,
1467 4263 1500 4323 et
1518 4260 1714 4338 imperatori
1737 4261 1809 4322 tra-

40 4360 50 4370 '
133 4381 229 4426 ·non
254 4364 370 4425 valens
399 4362 540 4423 ulterius
564 4363 599 4423 in
630 4361 766 4423 civitate
790 4362 956 4423 Perusina
1012 4360 1143 4421 diderat
1157 4358 1409 4430 comburendas,
1425 4373 1464 4419 ac
1476 4357 1684 4436 imperialem
1698 4356 1809 4431 legem

162 4462 343 4523 seditiones
367 4461 482 4521 solitas
505 4459 703 4531 machinari,
720 4459 771 4520 ad
789 4458 956 4521 civitatem
1012 4473 1119 4535 nuper
1133 4458 1250 4519 contra
1273 4456 1448 4518 baereticos
1473 4456 1595 4517 editam
1616 4452 1749 4515 volebat
1771 4453 1808 4514 in

161 4562 306 4621 vestram
328 4575 364 4619 se
385 4558 567 4630 transtulit,
599 4559 636 4621 ut
660 4557 707 4618 ibi
731 4573 767 4619 se
790 4557 826 4617 in
851 4558 957 4618 civem
1012 4556 1136 4618 statuto
1164 4554 1312 4632 ejusdem
1330 4569 1457 4631 ponere
1478 4552 1635 4614 civitatis.
1650 4551 1809 4612 Nolentes

161 4658 266 4733 recipi
280 4656 408 4717 faciens
421 4654 526 4716 variis
538 4671 598 4715 vos
613 4654 779 4743 discindat
793 4654 954 4726 dissidiis,
1012 4654 1116 4731 igitur
1140 4653 1350 4729 aliquatenus
1374 4650 1522 4728 ejusdem
1549 4652 1573 4710 Ι.
1596 4648 1812 4710 dissimulare

162 4756 197 4817 et
214 4755 299 4816 alios
315 4754 475 4814 adversus
489 4752 576 4813 alios
591 4751 805 4825 scandalizet,
821 4752 908 4813 sicut
921 4753 956 4813 in
1013 4751 1183 4828 injuriam,
1197 4766 1295 4827 quam
1312 4764 1429 4826 passus
1444 4749 1495 4809 est
1509 4762 1568 4824 pro
1581 4747 1652 4808 zelo
1667 4746 1748 4807 fidei·
1759 4760 1811 4807 or·

163 4852 240 4913 aliis
270 4850 470 4912 civitatibus*
495 4864 531 4909 se
565 4849 686 4910 fecisse
722 4848 959 4911 damnabiliter
1012 4846 1598 4917 tbodoxae,universitatemvestram
1610 4842 1808 4904 monendam

164 4949 337 5026 gloriatur.
359 4948 402 5010 Ut
420 4948 525 5023 igitur
538 4962 598 5007 vos
612 4946 752 5009 reddant
776 4947 887 5008 aliena
899 4960 963 5024 pe-*
1013 4947 1169 5008 duximus
1183 4946 1216 5007 et
1228 4944 1504 5021 hortandamper
1515 4942 1704 5019 apostolica
1715 4941 1811 5003 vobis

163 5047 271 5108 ricula
282 5047 409 5114 cautos,
421 5060 495 5105 cum
507 5043 602 5106 robis
614 5047 683 5121 jam
696 5043 789 5104 illius
801 5045 958 5106 versutiae
1014 5044 1139 5121 scripta
1158 5042 1381 5121 praecipiendo
1398 5041 1605 5112 mandantes,
1629 5040 1715 5117 quod
1732 5055 1807 5100 oum

166 5144 233 5205 sint
246 5143 440 5214 notissimae,
460 5142 710 5203 universitatem
727 5143 871 5203 vestram
887 5158 960 5204 mo·
1014 5158 1034 5203 a
1054 5142 1154 5218 culpa
1174 5154 1383 5218 nequaquam
1408 5137 1591 5201 videamini
1617 5137 1721 5199 fuisse
1745 5138 1811 5197 im-

166 5257 281 5303 nemus
297 5240 432 5312 attente,
449 5254 509 5318 per
522 5238 711 5316 apostolica
723 5238 820 5300 vobis
835 5240 959 5316 scripta
1014 5254 1143 5311 munes,
1161 5254 1200 5300 eo
1216 5235 1302 5315 quod
1323 5235 1477 5313 potuistis
1503 5237 1537 5297 et
1563 5235 1717 5298 noluistis
1741 5234 1809 5295 bu-

166 5339 227 5400 sub
246 5354 343 5418 poena
371 5337 463 5397 mille
492 5335 654 5397 librarum
676 5336 817 5397 firmiter
840 5337 960 5413 praeci-
1010 5336 1157 5414 jusmodi
1172 5335 1348 5413 prohibere
1373 5334 1542 5411 iujuriam,
1568 5349 1628 5411 per
1649 5331 1733 5409 quod
1758 5332 1813 5392 vi-

166 5435 286 5514 piendo
299 5434 505 5505 mandantes,
518 5433 604 5511 quod
619 5433 742 5495 dictum
757 5434 960 5520 llugoliuum
1015 5434 1139 5494 demini
1179 5432 1435 5510 praesumptores
1470 5431 1648 5508 praedictos
1677 5430 1713 5489 in
1740 5444 1811 5490 suae

167 5529 634 5594 excommunicatumanobis
656 5545 676 5591 a
696 5529 831 5591 civitate
849 5532 961 5592 restra
1016 5529 1283 5608 praesumptionis
1312 5529 1440 5592 malitia
1467 5528 1673 5599 conlevisse,
1703 5526 1811 5587 eidem
1855 5546 1857 5549 ·

167 5630 352 5707 ejicientes,
369 5628 504 5691 omniuo
529 5626 637 5704 ipsum
652 5627 807 5689 incivem
828 5628 880 5689 vel
898 5643 961 5705 po·
1017 5632 1042 5689 l.
1068 5630 1115 5691 ita
1144 5626 1374 5701 satisfaciatis,
1404 5629 1438 5689 et
1465 5624 1596 5687 faciatis
1614 5622 1770 5686 satisfieri
1796 5639 1817 5685 a
