4217 6400
279 342 286 356 s
351 267 391 330 ss
964 267 1377 332 101011111011111.
1952 269 1994 329 sc

347 445 434 490 unus
456 431 593 507 spiritus
614 430 657 492 sit
671 447 745 491 cum
763 431 822 491 eol
843 429 910 492 Aut
923 430 1088 508 quomodo
1109 429 1142 491 ei
1195 428 1292 491 hrum
1308 427 1495 501 statuenda,
1507 430 1716 506 cumpraeter
1731 428 1800 490 elie
1814 427 1992 502 miracula,
2068 502 2069 517 χ

348 526 541 604 obsequium
565 527 749 604 denegabit,
765 527 822 604 qui
842 527 905 588 sibi
924 526 1140 604 obsequenti·
1196 544 1269 604 quae
1297 528 1432 602 longum
1460 529 1547 589 esset
1573 543 1632 604 per
1655 527 1787 602 singula
1816 542 1990 598 enarrare,

347 622 409 684 bus
421 623 502 684 dans
515 624 766 696 virtutes,tenta
777 624 913 700 praemie
925 623 1097 699 elargitur,
1106 625 1142 685 ut

347 719 496 780 haeredes
521 721 652 796 quidem
668 721 810 791 Domini,
825 720 1015 780 cohaeredes
1031 721 1141 781 autem

349 817 473 878 Christi
488 817 597 878 effecti
617 817 732 894 gloriae
753 817 848 892 regni
875 818 1030 890 coelestis,
1058 819 1142 878 insi-

348 915 426 988 gnia
443 930 580 991 quaeque
609 915 752 975 feliciter
772 915 969 986 obtinentes,
990 915 1141 975 miracu-

347 1011 417 1071 lose
431 1013 623 1073 revelentur
635 1013 668 1072 in
682 1013 792 1084 terris,
807 1013 839 1072 et
858 1012 1016 1088 quidquid
1030 1013 1140 1088 petie-

348 1107 426 1179 rint,
463 1107 521 1169 liat
554 1108 884 1170 eileonlundantur
907 1125 987 1184 ergo
1019 1109 1139 1182 Judaei,

346 1203 591 1266 contundantur
606 1207 765 1277 baeretici,
788 1207 986 1268 erubescant
999 1207 1138 1282 pagani,

348 1301 380 1361 at
393 1303 583 1376 peccatores
597 1303 637 1363 ad
647 1303 874 1378 poenitentiam
892 1304 1140 1380 converterem

347 1397 425 1457 dum
439 1398 536 1459 fidem
552 1399 587 1459 in
613 1400 742 1462 Christo
758 1401 964 1462 credentium
978 1400 1071 1463 tanta
1086 1417 1143 1462 re-

1196 625 1407 700 sepulchrum
1425 627 1497 701 eJus
1521 625 1586 685 olei
1609 624 1760 686 ubertate
1779 625 1988 700 pinguescat,
2068 650 2069 707 g

1196 737 1260 796 quo
1274 721 1354 796 aegri
1370 737 1467 798 quarn
1481 722 1593 797 plures
1608 721 1737 781 inuncti
1763 737 1783 780 a
1798 721 1869 780 suis
1884 721 1987 780 11111-
2068 712 2069 765 3

1196 819 1367 880 mitatibus
1380 820 1458 879 sunt
1471 819 1590 890 sanati,
1605 819 1639 879 et
1652 818 1738 895 quod
1755 833 1821 878 non
1834 819 1885 878 est
1899 834 1989 894 pree-

1195 916 1392 977 tereundum
1417 916 1562 987 silentio,
1585 917 1653 976 tres
1673 916 1821 976 mortuos
1845 915 1988 981 mirifice

1196 1013 1376 1084 suscitarit,
1405 1012 1438 1074 et
1470 1013 1616 1089 quinque
1643 1027 1749 1073 caecos
1777 1013 1986 1085 illuminans,

1196 1109 1254 1170 uni
1271 1125 1313 1170 ex
1327 1109 1387 1181 eis,
1400 1109 1458 1186 qui
1469 1110 1504 1170 in
1515 1109 1626 1170 duello
1638 1109 1787 1171 devictus
1799 1111 1833 1171 et
1845 1109 1991 1186 undique

1196 1205 1446 1278 damnificatus,
1472 1223 1547 1268 cum
1578 1207 1620 1267 ad
1648 1207 1862 1282 sepulchrum
1886 1208 1992 1284 ipsius

1197 1305 1303 1365 sancti
1324 1304 1484 1366 clamaret
1502 1304 1675 1376 instanter,
1694 1305 1728 1364 et
1741 1305 1869 1379 peteret
1887 1304 1992 1365 confi-

1197 1401 1322 1474 denter,
1340 1400 1377 1461 ut
1392 1402 1423 1462 ei
1438 1401 1553 1462 oculos
1576 1401 1777 1470 restitueret,
1794 1401 1913 1478 quibus
1935 1403 1992 1461 in·

347 1497 519 1556 munerari
535 1497 697 1557 donorum
723 1499 931 1574 conspiciunt
949 1498 1140 1573 largitione,
1192 1500 1283 1574 juste
1306 1499 1415 1574 ipsum
1439 1498 1565 1559 sciebat
1586 1497 1749 1569 orbatum,
1772 1499 1858 1559 elios
1876 1499 1992 1560 oculos

386 1594 473 1652 Sana
483 1594 684 1654 venerabilis
698 1593 802 1655 trater
816 1595 929 1656 noster
950 1595 1140 1671 archiepis-

347 1705 461 1765 copus,
485 1692 517 1751 et
540 1690 652 1752 dilecti
680 1691 741 1750 filii
768 1690 926 1764 decenne,
949 1692 981 1752 et
1006 1693 1140 1768 capitu-

347 1786 415 1846 lum
439 1787 648 1848 Eborecense
686 1787 773 1864 apud
811 1803 872 1849 nos
907 1803 967 1865 per
997 1789 1139 1860 litteras,

345 1883 381 1944 et
410 1899 469 1959 per
490 1885 666 1960 magistros
697 1889 734 1944 G.
770 1885 1075 1961 poenitentiarium,
1110 1887 1142 1947 et

346 1981 477 2041 Heliam
511 1982 674 2043 Bernardi
703 1981 962 2054 Eboraoeusem,
993 1984 1025 2045 et
1053 1984 1143 2043 Lau-

346 2077 493 2139 rentium
519 2079 784 2155 aquilegensem,
813 2080 991 2140 canonicos
1021 2095 1143 2157 oppor-

345 2175 437 2247 tune,
452 2176 639 2252 importune
652 2176 777 2252 pluries
788 2177 956 2248 insistere,
967 2179 1002 2237 ut
1017 2178 1140 2237 sanctae

347 2273 516 2333 memoriae
531 2274 758 2345 Wilhelmum,
776 2274 940 2349 quondam
954 2273 1142 2350 archiepis-

348 2385 478 2445 copum,
509 2371 595 2430 sicut
618 2387 661 2431 ex
691 2371 942 2431 multorumllde
967 2371 1141 2446 dignorum

345 2466 546 2528 testimoniis
575 2467 767 2543 apparebat,
788 2469 882 2528 tenta
912 2467 1005 2528 fulsit
1032 2469 1141 2542 gratia

347 2565 551 2635 meritorum,
569 2563 655 2640 quod
685 2565 788 2625 multa
810 2580 870 2640 per
885 2580 961 2624 eum
981 2564 1140 2625 Dominus

347 2660 501 2736 dignatus
523 2663 574 2720 est
589 2661 735 2736 gloriosa
756 2661 917 2722 miracula
943 2662 1086 2737 operari,
1108 2663 1141 2722 et

346 2759 422 2834 post
434 2759 605 2818 decessum
620 2758 725 2834 ipsius
736 2773 856 2834 corpus
867 2762 940 2836 ejus
953 2759 1056 2820 mullo
1066 2759 1141 2835 plu·

346 2853 439 2913 ribus
452 2853 542 2915 dedit
557 2853 765 2914 mirabilibus
786 2868 973 2925 coruscare,
986 2854 1140 2930 catalogo

345 2951 536 3012 sanctorum
550 2950 814 3011 adscriberemus
830 2951 865 3010 in
881 2950 1030 3011 Ecclesia
1045 2951 1139 3011 mlli-

348 3048 444 3116 tenti,
454 3064 528 3108 cum
539 3048 855 3120 nonessetdubium,
869 3047 1017 3122 ipsumin
1027 3048 1141 3108 trium·

345 3144 461 3221 phenti
487 3161 507 3206 a
533 3145 672 3207 Domino
709 3144 940 3221 multipliciter
968 3144 1138 3206 honorari.

344 3244 468 3303 Verum
489 3242 567 3303 licet
591 3242 688 3303 fldem
709 3241 908 3303 testimoniis
931 3242 1139 3311 adhibentes,

345 3340 378 3401 et
392 3339 488 3400 famae
495 3340 621 3416 jugiter
637 3340 677 3401 de
692 3340 765 3416 ipso
779 3338 943 3400 crescenti
959 3339 1141 3400 credulite-

343 3438 409 3498 tem
425 3437 559 3497 minime
571 3437 792 3513 denegantes,
814 3436 958 3497 libenter
978 3437 1139 3499 vellemus

343 3548 491 3595 annuere
515 3534 669 3610 precibus
693 3534 951 3611 supplicantium
969 3551 977 3607 ;
993 3534 1139 3611 quiete-

343 3646 420 3692 men
435 3632 548 3693 intem
576 3633 702 3705 sancto,
732 3633 765 3693 et
784 3632 898 3693 divino
918 3631 1051 3707 negotio
1069 3646 1137 3692 non

343 3730 427 3801 erat,
444 3728 511 3789 nisi
535 3746 609 3791 cum
637 3728 828 3791 maturitate
857 3728 999 3805 plurima
1015 3744 1136 3805 proce·

344 3824 499 3893 dandum,
508 3826 633 3902 pluries
649 3842 707 3902 per
718 3827 809 3886 viros
824 3825 946 3887 electos
960 3828 1028 3887 tam
1039 3842 1139 3902 super

342 3922 1139 4000 vitaquemsupermiraculissanctipraadictiin-

344 4021 557 4097 quisitionem
573 4020 646 4081 lieri
665 4020 802 4081 lecimus
823 4020 1015 4097 diligentem
1032 4044 1040 4097 ;
1063 4036 1137 4081 cum

341 4118 404 4178 etsi
418 4119 459 4178 ad
472 4118 656 4179 sanctitatis
671 4118 882 4178 existentiam
898 4118 1043 4179 sultlclet
1059 4132 1138 4193 per-

344 4215 662 4287 sectiocaritatis,ed
674 4216 896 4276 ostensionem
907 4217 1019 4278 tamea
1030 4215 1136 4291 ipsius

1197 1609 1301 1655 novos
1326 1594 1508 1655 reddiderit
1534 1593 1679 1654 mirabili
1700 1594 1859 1665 novitate,
1882 1594 1991 1671 ipsum

1196 1690 1237 1751 de
1252 1691 1419 1752 communi
1432 1691 1571 1752 fratrum
1590 1693 1790 1762 nostrorum,
1805 1692 1992 1752 stallorum

1196 1789 1419 1867 praelatorum,
1436 1789 1492 1866 qui
1509 1788 1692 1865 praesentes
1713 1789 1818 1861 erant,
1835 1790 1988 1861 consilia,

1196 1886 1445 1962 adscripsimus,
1459 1886 1512 1948 vel
1523 1886 1633 1962 potius
1644 1886 1848 1962 adscriptum
1862 1887 1990 1947 denun-

1196 1982 1359 2042 ciavimus
1376 1982 1566 2043 sanctorum
1582 1982 1733 2056 catalogo
1749 1982 1990 2054 confessorum,

1196 2080 1389 2150 statuentes,
1404 2081 1441 2142 ut
1464 2080 1500 2140 in
1515 2080 1745 2140 anniversario
1768 2083 1840 2156 ejus
1853 2095 1990 2140 aunua-

1195 2177 1254 2236 tim
1267 2176 1387 2237 festum
1403 2175 1597 2238 solemniter
1611 2175 1807 2237 celebretur.

1236 2275 1350 2349 Igitur,
1365 2277 1402 2337 ut
1415 2275 1515 2336 tentae
1530 2274 1647 2349 gratiae
1662 2276 1785 2349 gratos,
1805 2274 1893 2334 sicut
1908 2291 1992 2337 con-

1195 2371 1295 2441 venit,
1312 2386 1371 2431 vos
1387 2371 1544 2442 reddatis,
1562 2371 1814 2432 universitatem
1839 2373 1989 2432 vestram

1196 2481 1368 2534 monemus
1381 2468 1414 2527 et
1427 2467 1599 2527 hortamur
1616 2467 1750 2534 attente,
1768 2482 1827 2542 per
1841 2471 1990 2543 Aposto-

1195 2563 1261 2623 lica
1294 2562 1389 2624 vobis
1429 2564 1552 2639 scripta
1585 2563 1795 2634 mandentes,
1825 2564 1992 2640 quatenus

1195 2659 1343 2736 ejusdem
1358 2661 1464 2721 sancti
1484 2661 1615 2730 testum,
1630 2661 1663 2721 et
1678 2661 1872 2722 memoriam
1886 2678 1993 2723 vene-

1195 2758 1326 2818 ratione
1341 2757 1450 2818 debita
1461 2759 1646 2818 recolentes
1658 2758 1765 2834 ipsius
1781 2758 1868 2835 apud
1881 2763 1988 2820 Deum

1194 2853 1354 2916 virtutum
1363 2855 1534 2929 suffragia,
1548 2870 1607 2930 pro
1617 2854 1765 2926 vobis,et
1776 2855 1854 2915 aliis
1865 2857 1991 2918 Christi

1194 2951 1348 3011 fidelibus
1373 2950 1573 3012 fiducialiter
1590 2952 1785 3026 imploretis.
1808 2953 1877 3013 Nos
1899 2954 1992 3014 enim

1194 3047 1235 3108 de
1259 3049 1367 3123 grette
1387 3048 1512 3119 divine,
1528 3049 1561 3110 et
1585 3049 1735 3123 praedicti
1753 3049 1859 3110 sancti
1878 3051 1989 3110 meri-

1194 3145 1237 3206 tis
1251 3145 1464 3218 confidentes,
1480 3145 1635 3207 omnibus
1648 3145 1689 3207 ad
1710 3146 1885 3208 ecclesiam
1896 3147 1989 3209 Ebo-

1194 3258 1366 3303 racensem
1389 3244 1425 3303 in
1437 3243 1520 3305 sesto
1548 3246 1621 3321 eJus
1647 3243 1766 3305 devote
1781 3245 1992 3305 convenien-

1193 3340 1302 3412 tibus,
1328 3340 1549 3418 quadraginta
1575 3340 1646 3401 dies
1672 3340 1713 3400 de
1743 3341 1891 3417 iniuncta
1924 3342 1992 3403 sibi

1194 3438 1387 3514 poenitentia
1411 3437 1673 3498 misericorditer
1692 3438 1895 3499 relaxamus.
1920 3442 1993 3499 Da-

1193 3535 1262 3595 tum
1275 3534 1441 3604 Laterani,
1456 3536 1516 3593 XV
1530 3532 1692 3594 kaleudas
1702 3534 1830 3612 aprilis,
1846 3536 1991 3612 pontifi-

1194 3632 1287 3693 catus
1303 3630 1408 3692 nostri
1423 3645 1513 3691 anno
1526 3630 1666 3690 decimo.

1538 3877 1638 3964 CXX

1265 4030 1316 4089 Ad
1327 4030 1496 4089 decocunt
1523 4028 1756 4102 etcaprturem
1770 4028 1921 4088 eoeleste

1342 4127 1449 4188 beatur
1462 4128 1589 4187 Martae
1604 4128 1839 4188 Tornocensts.

1479 4256 1513 4313 22
1522 4256 1615 4311 martti
1627 4254 1705 4311 1221.

344 4312 581 4373 miraculorum
590 4312 751 4373 exhibitio
764 4313 929 4389 exigetur,
943 4313 1090 4390 eoquod,
1106 4313 1139 4374 et

344 4408 495 4471 nonnulli
505 4407 669 4486 justitiam
686 4424 779 4469 suam
795 4410 932 4482 faciunt,
945 4426 1058 4472 coram
1071 4410 1136 4470 ho-

343 4507 543 4579 minibus,ut
553 4507 730 4567 videantur
740 4506 890 4579 abeis‚et
900 4523 1139 4583 nonnunquam
1193 4505 1351 4563 Licentiam
1364 4500 1547 4559 confirmate
1572 4498 1718 4573 Stephano
1742 4500 1886 4572 quondam
1905 4504 1986 4573 epis-

343 4602 495 4665 diebolus
511 4604 596 4663 sein
614 4604 699 4663 lucis
722 4603 877 4679 angelum
892 4603 1138 4677 transfigurans
1228 4606 1301 4663 0010
1327 4590 1504 4689 Το000000οῑ
1524 4586 1632 4657 daiam»
1653 4595 1685 4686 {¹1
1706 4586 1813 4645 sr¹10¹¹¹⁸
1835 4589 1989 4689 0⁰ll¹⁸d³¹¹¹

344 4699 1139 4763 inuutnominibusfraudulenterunuecumin·
1228 4677 1389 4753 prebende
1409 4692 1439 4732 ¹ss
1453 4690 1623 4777 communes
1637 4676 1767 4749 eusdem
1790 4678 1920 4735 00000
1935 4694 1988 4735 ex·

344 4800 521 4875 quisitores
536 4797 686 4875 preedicti
693 4798 835 4874 receptis
845 4813 945 4873 super
954 4796 1007 4855 bis
1021 4811 1139 4871 quam·
1227 4782 1334 4841 90⁰⁸⁸⁸
1345 4772 1513 4824 ⁰⁰¹¹V⁹n⁰f⁶
1525 4772 1643 4837 P⁰⁸⁸¹¹¹‘·

342 4896 495 4974 pluribus
504 4896 644 4958 testibus
659 4894 724 4955 tide
736 4895 859 4971 dignis,
877 4896 909 4955 et
923 4894 1136 4965 examinatis,
1232 4892 1399 4954 Honorius
1408 4890 1594 4967 episcopus,
1604 4906 1721 4953 servus
1730 4907 1903 4953 servorum
1914 4894 1987 4965 Dei,

344 4995 430 5054 sicut
467 4994 628 5069 oportuit,
666 4993 858 5068 diligenter,
898 4990 993 5053 nobis
1030 4991 1138 5067 ipsius
1194 4990 1325 5051 dilectis
1345 4988 1425 5049 liliis
1453 4988 1578 5049 decano
1605 4990 1639 5050 et
1666 4988 1812 5063 capitulo
1835 4990 1989 5051 ecclesiae

343 5090 451 5152 sancti
469 5091 687 5151 sanctissimae
702 5090 780 5152 vitae
795 5088 957 5159 ordinem,
974 5088 1008 5149 et
1022 5086 1137 5158 multa,
1193 5088 1299 5149 beatae
1320 5085 1436 5147 Mariae
1448 5086 1680 5157 Toruacensis,
1696 5086 1991 5162 salutemetApos·

344 5190 511 5263 etmagna
535 5188 708 5259 miracula,
727 5186 846 5265 quibus
870 5187 944 5262 post
966 5186 1139 5245 decessum
1193 5182 1616 5247 tolicembenedictionem.

342 5289 426 5363 ejus,
443 5286 551 5362 ipsum
570 5286 728 5346 Dominus
752 5283 928 5359 magnifice
943 5281 1137 5353 illustravit,
1234 5282 1348 5343 Cuma
1370 5280 1466 5342 uobis
1482 5279 1604 5356 petitur
1627 5279 1712 5357 quod
1731 5281 1859 5355 justum
1883 5282 1935 5342 est
1955 5284 1990 5344 et

341 5385 440 5462 plene
455 5400 495 5444 ec
510 5384 608 5461 plene
619 5382 762 5442 fideliter
773 5380 976 5450 retulissent,
992 5395 1052 5439 nos
1067 5394 1140 5455 pro-
1194 5380 1382 5451 honestum,
1399 5380 1467 5439 tam
1487 5378 1584 5453 vigor
1598 5378 1763 5454 aequitatis
1783 5394 1881 5454 quam
1906 5379 1988 5440 ordo

341 5475 1012 5554 1110111011011101,ᾳιιοι11110111011
1027 5477 1140 5537 lucer·
1195 5478 1301 5553 exigit
1325 5477 1478 5548 rationis,
1508 5476 1544 5536 ut
1573 5474 1607 5535 id
1636 5490 1697 5551 per
1727 5474 1986 5537 sollicitudinem

343 5596 386 5642 na
401 5578 554 5658 ponenda
569 5574 629 5638 sub
650 5574 771 5647 modio,
789 5574 845 5635 sed
861 5590 962 5653 super
976 5574 1137 5636 candela·
1194 5575 1295 5639 oftlcii
1311 5575 1417 5637 nostri
1440 5574 1480 5635 ad
1497 5572 1641 5634 debitum
1657 5572 1858 5649 perducatur
1883 5573 1988 5635 effec-

1375 4379 1495 4444 [hliraeus,
1513 4378 1595 4441 Opera
1609 4376 1685 4440 dipl„
1701 4376 1744 4434 IV,
1762 4374 1814 4441 bh]
