4217 6400
285 311 323 368 43
895 314 1070 375 HONORII
1091 313 1137 373 ΙΙΙ
1158 313 1305 374 OPERA.
1884 314 1925 372 tt

284 469 379 542 gravi
391 469 521 531 dicatur
531 471 636 546 premi
648 487 748 531 onere
760 470 957 544 debitorum,
970 473 1077 532 eidem

285 567 413 626 cantori
437 551 615 627 inbibe‘atis
639 583 807 642 expresse,
833 584 875 628 ne
896 568 949 628 vel
970 569 1077 644 ipsam

285 662 404 724 debitis
420 679 571 735 onerare,
585 665 638 725 vel
654 665 738 726 bona
753 668 825 742 ejus
841 665 999 740 obligare,
1018 681 1077 724 seu

286 761 496 836 aliquatenus
518 763 665 822 alienare
687 765 876 839 praesumat,
899 763 1077 823 inhibitio-

283 873 360 918 nem
383 859 572 935 bujusmodi
595 860 755 921 facientes
777 861 908 936 publice
930 860 1078 921 nuntiari

282 970 343 1030 per
357 956 441 1027 loca,
456 957 490 1016 iu
506 956 626 1032 quibus
639 957 789 1018 videritis
805 957 973 1033 expedire,
989 972 1079 1016 man·

284 1052 395 1113 datum
407 1055 555 1113 nostrum
566 1054 679 1114 taliter
688 1055 868 1131 impleturi,
881 1053 966 1130 quod
978 1069 1078 1129 super

283 1149 346 1210 ltoc
370 1150 516 1211 scribere
538 1153 646 1212 denuo
669 1168 735 1212 non
755 1167 923 1227 cogamur.
941 1150 1032 1222 Quod
1049 1151 1077 1210 si

282 1263 348 1307 non
365 1264 491 1319 omnes,
513 1251 587 1320 etc,
614 1249 678 1309 duo
698 1251 854 1310 vestrum.
877 1250 993 1311 Datum
1010 1251 1077 1308 La·

282 1346 404 1416 teraui,
418 1347 448 1404 ll
462 1346 621 1406 kalendas
637 1347 760 1418 martii,
778 1361 866 1408 anuo
882 1346 1022 1407 decimo.

617 1631 743 1716 CVIII

282 1781 334 1840 Ad
353 1783 544 1842 Jeltennetn
567 1783 601 1841 S.
626 1785 766 1857 Georgii
789 1783 1076 1856 Natanbaopcnsta

322 1878 355 1938 et
377 1881 418 1938 cle
441 1881 535 1939 Balcia
558 1881 747 1938 attanensis
765 1881 921 1938 diaecesis
942 1879 1079 1938 odontes

322 1976 355 2035 et
370 1979 537 2036 decenum
552 1979 775 2037 Misttcnscm.

572 2125 589 2181 ἓ
603 2125 696 2180 ιιιειῑίἰ
711 2125 789 2180 tato.

359 2257 509 2322 [Garatoni
524 2257 584 2309 cod.
598 2257 660 2320 dipl.
675 2257 801 2314 Saxoniar,
815 2257 834 2315 I,
845 2255 884 2314 93,
897 2271 923 2305 n.
935 2255 1001 2320 I⁰0.]

282 2385 339 2440 llos
355 2383 501 2439 coustituit
511 2383 622 2455 jndices
638 2383 711 2438 inter
722 2381 987 2438 Wratizlavieusem
1001 2382 1076 2452 epis-

317 2487 421 2544 copum
435 2479 461 2528 et
475 2471 576 2528 ducem
592 2473 689 2528 Zlestae
704 2469 739 2527 de
755 2469 874 2528 decimis
887 2470 1041 2542 litigantes.

323 2609 490 2669 Honorius
502 2609 687 2684 episcopua,
701 2624 816 2668 servus
826 2623 998 2668 serverum
1007 2607 1077 2676 Dei,

284 2707 414 2767 dilectis
436 2705 512 2766 tiliis
534 2707 646 2766 Sancti
667 2705 800 2780 Georgii
816 2703 1080 2780 Numburgensis

284 2807 317 2867 et
338 2804 377 2866 de
392 2805 494 2874 Busta,
517 2804 696 2863 llisnensis
714 2803 882 2874 dioecesIS,
906 2801 1080 2863 abhatibus

284 2905 316 2964 et
329 2903 454 2964 decano
468 2889 640 2972 blisnensi,
656 2902 796 2962 salutem
810 2901 842 2960 et
855 2899 1080 2976 apostolicam

283 3000 558 3062 benedictionem.
969 3069 971 3076 Ι

324 3098 471 3159 Dilectus
487 3097 587 3167 illiue,
605 3095 728 3155 nobilis
741 3095 794 3156 tir
807 3095 874 3154 dux
889 3095 1003 3156 Zlesiaa
1020 3109 1080 3155 sua

283 3195 379 3257 noble
398 3194 624 3256 insInuatiene
644 3193 851 3264 monstravit,
870 3192 955 3269 quod
979 3209 1083 3253 vene-

282 3294 400 3355 rabilis
420 3292 524 3352 irater
543 3293 656 3352 noster
676 3290 964 3351 wratislaviensis
986 3291 1079 3367 epis-

285 3408 398 3467 copus,
415 3389 567 3449 homines
582 3389 731 3450 volentes
744 3389 841 3449 insui
855 3388 994 3447 ducatus
1009 3388 1082 3447 tini·

283 3488 345 3549 bus
367 3504 501 3549 nemora
522 3490 554 3548 et
574 3487 639 3547 alia
658 3486 730 3547 loca
751 3486 876 3547 inculta
892 3484 1081 3546 inhabitare

287 3604 328 3649 ac
341 3585 504 3646 deducere
515 3586 555 3645 ad
570 3584 746 3654 culturam,
761 3584 843 3644 adeo
856 3584 973 3659 gravat
987 3582 1083 3642 inde-

283 3682 1081 3746 bitisexactionibusnominedecimarumcontra

283 3788 382 3844 terrae
396 3781 681 3849 consuetudinem,
695 3796 792 3855 quam
806 3778 984 3839 observant
999 3778 1083 3853 epis·

285 3881 359 3956 copi
371 3878 644 3953 convicini,quod
657 3893 722 3936 non
734 3878 841 3935 solnm
853 3874 893 3934 ad
906 3874 1082 3935 incolenda

284 3979 317 4039 et
334 3975 515 4037 excolenda
532 3975 604 4034 lona
625 3974 697 4049 ipsa
720 3972 871 4032 dubitant
891 3972 1081 4041 conuenire,

285 4090 402 4135 verum
424 4072 523 4133 etiam
544 4070 590 4139 hi,
612 4071 668 4147 qui
694 4086 736 4130 ex
760 4070 801 4129 iis
825 4068 865 4129 ad
889 4068 1000 4144 aliqua
1013 4072 1083 4143 jam

286 4174 511 4234 convenerant
528 4168 722 4238 excolenda,
743 4167 920 4243 eapropter
938 4165 1084 4225 difficul-

285 4272 381 4340 tates,
404 4284 485 4343 quas
508 4266 556 4325 eis
577 4266 710 4341 ingerit,
735 4264 925 4325 deserentes
941 4262 982 4323 ad
998 4264 1083 4323 alias

286 4384 322 4428 se
346 4365 552 4427 transierunt
577 4365 733 4437 regiones
758 4363 793 4423 in
816 4361 966 4438 praedicti
989 4360 1083 4421 dttcis

287 4481 352 4525 non
375 4463 544 4524 modicum
568 4461 813 4530 detrimentum,
837 4474 911 4519 cum
935 4474 994 4534 per
1020 4459 1084 4518 boo

288 4578 354 4623 non
371 4562 476 4625 solum
489 4560 561 4620 loca
577 4558 649 4634 ipsa
662 4558 793 4618 deserta
807 4558 1013 4623 remaneant,
1026 4556 1083 4615 sed

289 4660 389 4721 etiam
416 4657 555 4717 ducatus
586 4655 639 4715 sui
668 4654 801 4716 termini
824 4654 1029 4729 occupantur
1052 4654 1085 4712 et

289 4756 501 4833 interipsum
518 4753 693 4814 etvicinos
716 4752 856 4821 nobiles
878 4752 920 4811 ad
945 4766 1084 4827 quorum

287 4858 395 4917 terras
409 4856 481 4930 ejus
492 4851 603 4912 coloni
619 4866 655 4911 se
670 4848 887 4921 transierunt,
900 4862 1019 4923 graves
1030 4847 1085 4905 in-

290 4954 419 5015 terdum
445 4950 622 5010 discordiae
652 4948 814 5008 oriantur.
839 4946 987 5021 Denique
1010 4960 1084 5002 cum

290 5050 551 5128 praedecessores
575 5045 721 5122 episcopi
747 5042 920 5104 memorati
943 5039 1084 5117 quibus-

289 5149 365 5208 dam
385 5146 491 5207 servis
506 5144 653 5220 ejusdem
669 5143 773 5212 ducis,
796 5140 853 5217 qui
872 5138 995 5199 smardi
1011 5137 1087 5197 tul-

290 5245 416 5321 gariter
431 5243 652 5319 appellantur,
670 5240 816 5299 decimas
832 5237 967 5296 omnino
983 5235 1087 5295 remi-

291 5343 406 5412 serint,
425 5339 619 5417 quibusdam
635 5355 677 5399 ex
695 5337 800 5397 serius
817 5334 922 5410 ipsius
937 5333 1085 5409 ejusdem

291 5440 490 5502 conditionis
516 5454 589 5497 curn
620 5435 719 5495 certis
750 5430 1019 5509 possessionibus
1044 5430 1085 5490 ab

290 5538 413 5599 eisdem
431 5544 463 5597 in
480 5534 683 5595 decimarum
700 5528 1008 5605 recompensatione
1026 5544 1085 5588 re-

291 5636 406 5712 ceptis
424 5634 531 5695 dietus
552 5632 727 5706 episcopus
746 5626 963 5687 nihilominus
978 5625 1019 5685 ab
1037 5626 1086 5685 eis

1132 470 1280 531 decimas
1302 472 1417 531 contra
1437 470 1601 547 justitiam
1626 469 1732 545 exigit
1755 471 1788 532 et
1811 470 1926 532 extor-

1132 570 1220 644 quet,
1234 568 1319 628 alias
1332 568 1560 643 multipliciter
1572 568 1720 628 existens
1733 567 1843 629 sibiet
1855 568 1924 628 suis

1133 665 1277 725 diiiicilis
1296 667 1330 726 et
1350 665 1521 726 molestus.
1542 668 1651 736 Quare
1671 681 1731 724 nos
1751 665 1815 740 ipsi
1831 666 1923 741 epis-

1132 778 1227 837 cope,
1244 763 1367 822 nostris
1383 763 1499 822 damus
1516 763 1640 823 litteris
1650 763 1685 822 in
1695 763 1873 829 mandatis,
1889 765 1926 823 ut

1133 875 1233 934 super
1252 859 1433 935 praemissis
1452 862 1486 920 et
1502 860 1579 920 aliis
1601 859 1649 920 sic
1668 859 1800 921 studeat
1821 859 1928 921 absti-

1133 972 1212 1016 nere
1226 956 1268 1016 ab
1283 957 1389 1032 ipsius
1404 956 1498 1016 ducis
1514 956 1661 1017 indebito
1675 957 1870 1030 manamine
1886 972 1926 1018 ac

1133 1069 1279 1123 suorum,
1296 1053 1382 1130 quod
1398 1054 1499 1114 iidem
1514 1054 1555 1114 de
1569 1054 1642 1129 ipso
1651 1056 1775 1129 justam
1789 1069 1855 1114 non
1871 1053 1928 1115 ba·

1133 1151 1233 1211 beant
1247 1152 1421 1212 materiam
1434 1152 1670 1228 conquerendi.
1685 1152 1848 1222 Quocirca
1862 1152 1927 1212 dis·

1133 1249 1272 1309 crationi
1286 1249 1409 1309 vestrae
1424 1265 1484 1325 per
1497 1249 1689 1326 apostolica
1701 1249 1825 1325 scripta
1838 1265 1928 1310 mau-

1133 1347 1261 1418 damus,
1276 1350 1450 1422 quatenus,
1473 1346 1503 1406 si
1518 1347 1626 1407 dictus
1641 1346 1817 1422 episcopus
1832 1362 1929 1406 man·

1133 1445 1244 1505 datum
1276 1444 1426 1504 nestrum
1450 1443 1637 1519 neglexerit
1656 1444 1852 1519 adimplere,
1867 1459 1928 1505 ros

1133 1539 1288 1609 audiatis,
1309 1554 1383 1613 quae
1400 1538 1470 1598 dux
1488 1539 1559 1614 ipse
1574 1539 1690 1599 contra
1711 1550 1787 1598 eum
1802 1539 1836 1599 et
1854 1555 1928 1613 quae

1133 1636 1219 1695 idem
1236 1635 1410 1710 episcopus
1432 1638 1549 1696 contra
1566 1636 1683 1695 ducem
1698 1635 1832 1696 duxerit
1850 1650 1930 1711 pre-

1134 1731 1298 1809 ponenda,
1328 1734 1361 1792 et
1388 1733 1567 1807 diligenter
1591 1733 1772 1794 intendatis
1796 1733 1838 1793 ad
1868 1747 1927 1793 se-

1133 1829 1271 1905 piendas
1290 1830 1529 1906 compositione
1548 1829 1717 1890 amicabili
1736 1831 1770 1890 et
1788 1829 1930 1891 honesta

1134 1927 1325 2003 hujusmodi
1353 1929 1565 2003 quaestiones,
1582 1930 1616 1988 ot
1643 1928 1672 1987 si
1700 1943 1761 2002 per
1781 1930 1930 1989 vestrum

1134 2025 1279 2085 studium
1294 2025 1368 2100 ipsa
1385 2026 1572 2101 nequiverit
1592 2025 1787 2100 compositio
1807 2041 1929 2100 prose-

1134 2123 1218 2192 nire,
1231 2123 1432 2197 quaestiones
1443 2124 1534 2198 ipsas
1547 2123 1681 2192 curetis,
1694 2123 1723 2181 si
1734 2123 1775 2182 de
1786 2123 1930 2198 partium

1134 2221 1305 2281 voluntate
1320 2220 1531 2295 precesserit,
1549 2235 1608 2296 per
1627 2219 1838 2280 diffinitivam
1853 2235 1932 2280 sen-

1134 2319 1271 2378 tentiam
1293 2317 1459 2378 mediante
1476 2317 1608 2392 Justitia
1623 2317 1816 2377 terminare.
1837 2317 1929 2389 Quod

1135 2415 1162 2474 si
1186 2415 1270 2475 sorte
1297 2417 1407 2490 partes
1428 2415 1632 2475 concordare
1654 2415 1878 2490 nequiverint,
1894 2415 1931 2475 ut

1135 2512 1334 2588 inpartibus
1354 2512 1421 2571 illis
1442 2529 1543 2587 supet·
1562 2512 1615 2570 liis
1636 2513 1800 2572 sententia
1819 2511 1932 2588 proie-

1135 2613 1239 2680 rntur,
1256 2626 1391 2670 causam
1407 2611 1448 2669 ad
1464 2627 1525 2670 nos
1538 2611 1714 2670 remittatis
1727 2609 1931 2670 sufficienter

1136 2708 1342 2779 instructam,
1360 2709 1569 2784 prmtlgentes
1585 2707 1734 2782 partibus
1750 2707 1928 2769 terminum

1135 2806 1386 2880 competentem,
1413 2822 1477 2880 quo
1498 2806 1632 2880 propter
1651 2805 1714 2864 boc
1740 2820 1800 2880 per
1822 2821 1858 2865 se
1878 2805 1930 2866 vel

1136 2919 1194 2978 per
1204 2903 1584 2978 procuratoresidoneos
1595 2902 1784 2976 apostolico
1793 2919 1829 2963 se
1838 2918 1932 2963 cons·

1136 2999 1246 3076 pectni
1271 3000 1522 3074 repraesentent,
1550 3001 1674 3074 justam
1700 3001 1835 3060 auctore
1863 3002 1931 3059 Deo

1136 3097 1335 3156 sententiam
1348 3096 1525 3171 recepturi,
1540 3111 1605 3155 non
1617 3095 1769 3157 obstante
1781 3112 1831 3167 ee,
1844 3095 1931 3172 quod

1136 3192 1216 3253 estis
1242 3195 1337 3253 extra
1374 3191 1580 3267 provinciam
1618 3191 1800 3263 constituti,
1836 3193 1934 3253 dum-

1136 3290 1233 3349 modo
1261 3290 1454 3364 episcopum
1489 3289 1703 3365 saepedictum
1730 3290 1817 3350 ultra
1849 3289 1932 3349 duas
1979 3318 1985 3325 ·

1136 3388 1252 3447 diaetas
1266 3389 1362 3448 extra
1384 3402 1480 3446 suam
1500 3385 1669 3445 dioecesim
1689 3400 1757 3444 non
1775 3386 1931 3465 trahatis.

1136 3480 1250 3545 Testes
1277 3485 1388 3544 autem
1413 3483 1469 3560 qui
1496 3482 1621 3542 luerint
1640 3481 1815 3551 nominati,
1841 3482 1871 3541 si
1895 3499 1934 3543 se

1137 3583 1256 3658 grette,
1285 3582 1362 3643 odio
1388 3582 1442 3641 rel
1467 3580 1587 3641 timore
1610 3577 1847 3650 subtraxerint,
1874 3595 1936 3655 pier

1138 3695 1311 3740 censuram
1328 3677 1600 3747 ecelesiasticam,
1617 3676 1840 3753 appellatione
1855 3692 1933 3736 ces-

1138 3778 1243 3846 sante,
1265 3777 1393 3849 cegatis
1413 3775 1638 3836 testimonium
1661 3772 1794 3835 inritati
1815 3773 1932 3849 perhi-

1137 3873 1226 3933 bere.
1245 3874 1336 3944 Quod
1360 3873 1388 3931 si
1411 3888 1478 3932 non
1502 3888 1616 3933 omnes
1638 3872 1692 3931 lus
1713 3870 1933 3946 exsequendis

1138 3972 1313 4046 potueritis
1326 3971 1502 4038 interesse,
1523 3968 1588 4029 duo
1603 3970 1750 4029 vestrum
1772 3984 1811 4028 ea
1831 3966 1935 4027 nibil-

1139 4070 1272 4129 ominus
1319 4070 1555 4141 exsequantur.
1601 4068 1719 4126 Datum
1765 4065 1932 4134 Laterani,

1139 4170 1182 4227 l'l
1207 4182 1313 4225 nenas
1335 4164 1458 4235 martii,
1482 4164 1696 4241 pontificatus
1716 4162 1822 4223 nostri
1845 4177 1934 4222 anno

1139 4264 1278 4325 decimo.

1493 4482 1578 4567 CIX
1798 4494 1815 4523 ⁸

1138 4648 1190 4708 Ad
1205 4644 1378 4705 rectorem
1393 4642 1425 4702 et
1449 4642 1582 4715 fratres
1603 4644 1769 4701 coartatas.
1785 4643 1935 4739 decianis

1272 4738 1505 4814 noctipettstae
1526 4738 1631 4797 cartre
1653 4740 1798 4798 Blidona.

1424 4880 1439 4934 7
1459 4877 1553 4933 martii
1571 4877 1651 4934 ttae.

1243 5002 1375 5066 [ungunta
1389 5002 1494 5051 Monesi.
1514 5000 1615 5063 cogite,
1629 5001 1672 5058 tv,
1682 5000 1738 5059 eat,
1749 5016 1774 5050 u.
1792 5002 1828 5067 7.]

1141 5122 1198 5175 Eos
1213 5117 1335 5173 tuerados
1353 5117 1482 5187 suscipit,
1500 5116 1663 5186 specialiter
1682 5124 1777 5172 autem
1791 5115 1936 5173 libertates

1176 5214 1205 5263 et
1224 5206 1418 5261 immunitates
1437 5205 1480 5260 eis
1501 5218 1517 5259 a
1536 5204 1622 5259 nobili
1641 5204 1703 5261 viro
1721 5207 1767 5261 W.
1788 5204 1824 5263 de
1843 5206 1938 5263 cresn

1177 5294 1325 5351 laudatore
1337 5293 1439 5349 domus
1452 5292 1534 5348 dictae
1550 5293 1668 5349 collatus
1678 5292 1836 5350 confirmat.

1181 5427 1853 5503 llonoriusepiscopus,servusservorum
1863 5430 1935 5500 Dei,

1141 5526 1272 5586 dilectis
1303 5526 1382 5586 tiliis
1410 5524 1534 5585 rectori
1563 5526 1596 5584 et
1629 5523 1787 5585 fratribus
1820 5526 1937 5587 domus

1142 5624 1255 5684 Sancti
1279 5623 1419 5685 ioannis
1440 5621 1663 5696 Evangelistae
1678 5622 1773 5683 extra
1795 5622 1935 5692 Blidam,
