4217 6400
149 557 516 579 ...-—-—-—----

304 884 720 1064 rnnuu
791 872 1687 1054 mnuunrnnuu

516 1275 615 1358 QUAE
638 1274 681 1344 tlt
709 1271 792 1342 HOC
813 1269 957 1340 ΤΗΟΜΟ
981 1266 1135 1350 QUINTO
1159 1264 1465 1334 CONTINENTUR.

907 1560 1078 1572 *ι-

462 1889 732 1980 HONORII
765 1888 860 1994 ΙΙΙ,
897 1881 1256 1973 PONTIFICIS
1292 1881 1530 1970 ROMANI

908 2107 1074 2152 EPISTOLAE.

695 2267 806 2332 LIBRI
829 2265 969 2330 bacilli
993 2263 1280 2328 CONTINUATIO.

144 2555 190 2614 Ad
204 2556 332 2614 abbatem
350 2562 378 2614 et
396 2560 562 2613 conventum
582 2551 742 2610 monasterii
758 2553 787 2608 S.
806 2551 859 2608 lai·
908 2489 962 2541 σοι’
1016 2551 1365 2627 Adeamdem,quondam
1379 2553 1548 2608 Francorum
1566 2551 1700 2628 reginam.
1780 2482 1837 2610 aaz

182 2637 287 2706 cberii,
302 2636 496 2694 ambianensis
510 2635 647 2690 dioecesis.
948 2634 960 2685 l
1016 2635 1060 2692 nd
1074 2638 1246 2704 Romanum,
1264 2633 1358 2690 Sancti
1375 2631 1471 2704 Angeli
1493 2631 1677 2703 cardinalem,
1694 2633 1728 2688 A.

145 2714 190 2773 Ad
205 2715 340 2770 decanum
352 2721 381 2770 et
392 2712 545 2786 capitulum
556 2713 717 2767 Trecentos.
948 2712 964 2765 3
1055 2717 1085 2774 S.
1101 2715 1233 2785 legatum.
1802 2713 1836 2766 30

146 2794 189 2850 Ad
208 2793 338 2850 abbatem
361 2800 391 2848 et
413 2800 581 2849 conventum
605 2789 700 2846 Sancti
723 2788 860 2862 Arnulphi
1017 2795 1061 2853 Ad
1075 2795 1230 2862 andream,
1245 2809 1336 2864 regem
1352 2793 1512 2863 Hungaries.
1802 2792 1832 2846 34

183 2873 325 2930 Maiensis.
949 2871 965 2924 4
1017 2874 1061 2932 Ad
1078 2875 1245 2947 Episcopum
1259 2872 1491 2946 vesprimiensem
1507 2877 1536 2927 et
1552 2870 1731 2944 praepositum

147 2952 191 3010 nd
202 2953 345 3024 Hugonem
357 2951 392 3008 de
402 2949 561 3019 Leziniacc,
572 2948 707 3008 Marchiae
718 2949 859 3006 comitem.
894 2947 963 3004 lbid.
1053 2956 1209 3013 albensem.
1803 2953 1837 3006 35

147 3032 400 3105 conquassemur
415 3033 594 3088 vasatensem
609 3030 763 3102 episcopos.
948 3033 964 3085 6
1017 3036 1061 3092 nd
1075 3035 1256 3103 Yolantham‚
1272 3034 1395 3106 reginam
1411 3031 1572 3104 liungoriae.
1765 3030 1836 3088 lbid.

146 3113 189 3170 Ad
205 3113 318 3169 abbates
332 3120 360 3168 el
376 3119 544 3168 conventum
560 3109 719 3167 monasterii
732 3107 768 3166 de
781 3111 859 3166 Dun·
1018 3116 1060 3172 Ad
1073 3116 1199 3172 abbatem
1212 3120 1432 3186 conventumque
1444 3113 1478 3169 de
1494 3110 1702 3185 Dunlermelyn.
1803 3113 1837 3166 36

183 3193 328 3266 lermelyn.
946 3192 964 3248 7
1017 3195 1060 3252 nd
1076 3195 1194 3267 priorem
1210 3195 1239 3254 S.
1254 3193 1399 3251 Trinitatis
1413 3191 1621 3250 Londoniensis.
1766 3189 1836 3247 lbid.

146 3272 189 3329 Ad
199 3274 359 3345 episcopum
369 3270 564 3342 Glasguensem
574 3274 603 3325 el
613 3268 740 3324 abbatem
751 3283 785 3323 80
795 3283 859 3325 0011-
1017 3276 1060 3332 Ad
1074 3276 1255 3345 Rodericum‚
1271 3274 1510 3346 archiepiscopum
1524 3272 1701 3330 Toletanum.
1803 3272 1837 3326 37

183 3360 294 3409 ventum
305 3350 461 3407 monasterii
471 3352 583 3407 Sanctus
592 3347 737 3405 Trinitatis
744 3345 778 3402 de
786 3348 859 3403 Dun·
1017 3355 1059 3409 Ad
1075 3354 1271 3411 monasterium
1284 3353 1318 3409 dc
1331 3353 1544 3425 Bsyhartingen.
1803 3352 1836 3404 39

183 3431 327 3505 fermelyn.
948 3432 963 3483 8
1016 3433 1059 3489 Ad
1082 3434 1232 3489 Henricum
1256 3432 1385 3487 abbatem
1406 3430 1565 3487 monasterii
1583 3429 1618 3485 de
1638 3431 1731 3485 litton-

147 3508 190 3565 hd
203 3510 330 3567 abbatem
341 3515 563 3580 conventumque
575 3506 610 3565 de
621 3505 818 3579 Daniermelyn
829 3511 858 3562 et
1052 3512 1125 3571 hsirn
1138 3512 1250 3583 ejusque
1264 3511 1373 3567 iratres.
1765 3506 1836 3564 ibid.

183 3589 325 3659 abbatem,
341 3589 542 3660 canonicosque
553 3585 587 3643 de
598 3587 689 3642 Scene
699 3586 728 3641 S.
739 3584 858 3643 Andreas
1017 3591 1059 3647 Ad
1073 3593 1232 3665 episcopum
1245 3590 1489 3662 Argentinensem,
1506 3587 1731 3645 archidiaconum

182 3669 318 3726 dioecesis.
892 3664 962 3721 ibid.
1052 3672 1250 3739 Rhemensem,
1274 3670 1410 3726 decanum
1434 3669 1623 3738 Bivinensem‚
1647 3666 1730 3723 Colc-

145 3748 188 3805 hd
200 3750 374 3820 episcopum,
390 3745 526 3802 decanum
538 3749 566 3801 et
582 3743 777 3803 scholasticum
791 3744 858 3801 'l'or-
1052 3750 1154 3806 niensis
1169 3748 1306 3805 dioecesis.
1802 3745 1830 3799 44

183 3843 340 3885 nacensem.
802 3868 805 3871 .
947 3826 963 3880 9
1016 3830 1058 3885 Ad
1072 3830 1223 3886 iohannem
1238 3831 1266 3884 S.
1283 3828 1394 3899 Georgii
1407 3826 1640 3898 Numburgensis,
1653 3831 1681 3881 et
1694 3823 1729 3881 do

145 3908 330 3965 hbabbatem
345 3908 375 3962 S.
395 3906 556 3975 Genavam,
577 3905 725 3977 magistros
742 3903 855 3961 Gaulri-
1052 3910 1128 3965 Bucb
1139 3906 1730 3966 Misnensisdioecesisabbatesetdecanum

181 3987 247 4041 dum
262 3984 455 4039 etlohannem
469 3985 612 4040 deMonte
624 3983 859 4052 Mirabiii,archi·
1053 3991 1231 4049 Misnensem.
1803 3986 1835 4041 43

181 4064 328 4120 diaconum
342 4062 536 4117 Parisiensem.
930 4066 964 4119 lll
1015 4069 1058 4125 Ad
1072 4076 1206 4126 rectorem
1217 4074 1244 4124 et
1258 4066 1357 4123 iratres
1366 4066 1464 4122 domus
1474 4067 1503 4121 S.
1514 4066 1531 4120 J
1534 4064 1630 4121 oannis
1640 4064 1731 4121 Eran-

144 4144 187 4202 Ad
202 4142 376 4215 episcopum,
394 4140 529 4197 decanum
540 4146 570 4196 et
581 4138 778 4197 scholasticum
792 4140 858 4197 Tor·
1051 4149 1157 4220 gelista
1172 4154 1249 4203 extra
1266 4145 1384 4202 Blidam.
1803 4142 1836 4196 44

183 4237 324 4280 nacenses.
933 4222 966 4279 ⁴2
1016 4227 1057 4283 Ad
1070 4226 1183 4283 abbates
1196 4226 1338 4297 Signiam,
1352 4232 1381 4282 et
1391 4225 1539 4282 Goransem
1554 4222 1728 4279 etdecanum

145 4300 517 4361 AdW1llelmumabbatem
531 4300 690 4357 monasterii
706 4300 801 4356 Sancti
815 4301 860 4357 Ja·
1051 4305 1292 4376 virziliacensem,
1309 4303 1555 4361 Autissiodorensis
1573 4306 1601 4359 et
1622 4302 1728 4359 Eduen-

181 4383 244 4441 cobi
258 4381 398 4456 Apostoli,
417 4389 446 4437 et
465 4380 560 4438 Sancti
574 4381 677 4438 Marini
697 4380 862 4438 contessoris
1049 4385 1088 4441 sis
1102 4383 1239 4440 dioecesis.
1802 4381 1835 4435 l5

182 4462 216 4519 de
231 4461 363 4518 Passelet.
933 4461 966 4516 l3
1015 4464 1056 4520 Ad
1072 4464 1223 4537 capitulum
1239 4462 1464 4534 strigoniensem.
1800 4460 1834 4514 47

147 4542 190 4597 Ad
203 4541 374 4597 Fridsricum
389 4542 577 4597 Rornanorum
591 4541 798 4613 imperatorem.
932 4543 967 4596 l'l
1015 4544 1057 4601 Ad
1073 4543 1211 4617 Andream
1227 4558 1318 4617 regem
1334 4544 1540 4615 Hungarcrum.
1802 4539 1833 4595 48

146 4623 188 4679 Ad
203 4622 372 4679 abbatemet
387 4628 553 4679 conventum
566 4621 726 4678 monasterii
739 4620 774 4678 de
790 4621 858 4679 Pas·
1013 4626 1056 4681 Ad
1072 4624 1225 4681 Robertum
1238 4624 1397 4697 episcopum
1412 4620 1671 4695 Wesprimiensem.
1801 4620 1833 4675 49

183 4701 261 4758 salet.
933 4704 966 4757 48
1013 4705 1057 4761 Ad
1072 4704 1292 4777 archiepiscopos
1305 4709 1334 4760 et
1349 4702 1494 4777 episcopos
1507 4702 1535 4757 in
1547 4716 1631 4772 regno
1642 4702 1725 4756 Fran-

147 4780 190 4837 Ad
205 4779 442 4853 archiepiscopos,
461 4779 623 4852 episcopos,
639 4779 767 4851 abbatas,
785 4779 861 4855 prio-
1049 4785 1112 4841 ciae.
1761 4776 1833 4839 Ihid.

183 4876 243 4931 res,
258 4866 287 4915 et
297 4858 366 4915 alios
378 4858 507 4931 prelatos
521 4858 672 4917 Hiberniae.
932 4865 966 4918 te
1016 4865 1059 4923 nd
1071 4863 1197 4921 abbatem
1209 4869 1238 4920 et
1252 4869 1418 4921 conventum
1429 4863 1458 4919 S.
1470 4860 1599 4919 Germani
1611 4858 1645 4917 de
1660 4860 1726 4918 Pra-

147 4939 190 4997 Ad
204 4939 378 5014 episcopum,
392 4937 526 4996 decanum
541 4939 571 4995 S.
588 4938 722 5012 Stephani
733 4940 860 4999 starchi·
1050 4945 1087 4999 tis
1103 4943 1277 5001 parisiensis.
1800 4940 1834 4995 50

182 5019 329 5076 diaconum
341 5020 515 5077 Trccensem.
932 5024 966 5079 20
1015 5023 1056 5079 hd
1070 5022 1197 5080 abbatem
1213 5024 1242 5079 S.
1256 5020 1370 5077 Martini
1382 5020 1417 5077 de
1432 5017 1573 5089 Gemellis,
1590 5014 1726 5075 archidia-

147 5100 190 5154 Ad
214 5100 332 5172 priorem
356 5107 385 5156 et
406 5098 506 5157 iratres
530 5100 689 5157 Heremitas
707 5098 742 5155 de
763 5100 861 5158 Monte
1050 5118 1150 5159 conum
1165 5102 1276 5176 majoris
1288 5100 1428 5169 ecclesia,
1445 5106 1475 5155 et
1486 5097 1666 5167 Michaelem,
1684 5111 1728 5153 ca·

184 5178 320 5234 Carmeia.
932 5183 962 5238 at
1049 5182 1179 5238 conicum
1192 5184 1220 5237 S.
1237 5179 1345 5237 Nicolai
1356 5178 1560 5236 Ambianensis.
1799 5176 1829 5229 54

147 5255 190 5313 Ad
200 5257 387 5315 Nicosiensem
395 5265 423 5315 et
433 5259 630 5317 Caesariensem
638 5258 861 5333 archiepiscopos
1015 5260 1058 5316 Ad
1073 5260 1200 5317 abbatem
1210 5267 1237 5316 et
1247 5268 1413 5317 conventum
1427 5260 1454 5314 S.
1473 5256 1548 5313 Petri
1560 5254 1722 5315 Gandensis.
1797 5254 1831 5309 52

183 5345 212 5394 et
225 5336 353 5396 abbatem
365 5339 470 5396 Montis
485 5340 594 5397 oliveti.
933 5343 967 5397 25
1016 5339 1058 5396 hd
1073 5339 1172 5397 fratres
1186 5339 1403 5397 Pradlcatorum
1415 5344 1443 5394 et
1453 5337 1554 5395 iratres
1563 5336 1686 5393 Minores
1698 5334 1727 5390 in

149 5416 191 5474 nd
210 5416 339 5475 abbatem
357 5418 392 5476 de
413 5420 565 5493 losapbat,
585 5420 809 5479 archidiaconum
832 5426 862 5477 et
1049 5421 1254 5477 Marochinato.
1763 5411 1832 5475 lbid.

186 5496 374 5555 subdecanum
388 5499 595 5557 carnotensem.
932 5502 967 5557 46
1016 5500 1059 5558 hd
1071 5500 1214 5558 universes
1223 5497 1454 5572 archiepiscopos,
1465 5497 1609 5571 episcopos
1621 5501 1649 5552 et
1661 5493 1729 5551 alios

151 5575 195 5635 Ad
203 5577 394 5651 ingeburgem,
402 5578 541 5653 quondam
548 5583 719 5641 Francorum
725 5581 859 5654 reginam.
932 5583 968 5639 at
1052 5580 1181 5655 prelatos
1191 5578 1337 5651 Ecclesia,
1353 5594 1402 5653 per
1412 5577 1540 5651 Anglium
1551 5574 1726 5637 constitutos.
1801 5574 1834 5630 54
