4217 6400
132 339 174 400 εὖ
751 317 980 388 arrsronm.
1006 317 1087 380 nvn.
1111 319 1152 378 x.
1736 321 1777 382 ω

132 495 304 559 institutus
319 492 420 556 luerit
430 491 534 571 prior,
550 488 633 552 illud
652 502 783 565 semper
797 483 926 547 habea-

131 596 176 657 tis
190 595 226 655 in
242 593 362 664 mente,
377 592 410 653 et
424 588 563 652 servetis
573 588 608 648 in
625 601 735 664 opere,
755 583 841 661 quod
855 583 926 642 Do-

132 693 243 752 minus
258 691 306 751 ait
319 690 354 749 in
375 687 557 764 Evangelio
574 709 581 746 ε
597 685 800 759 Quicumque
811 679 929 742 volue-

132 789 177 851 rit
190 789 276 849 inter
296 803 356 848 vos
370 788 480 862 major
502 799 577 846 esse
593 783 708 852 trater,
733 779 798 840 erit
817 777 928 840 vester

133 886 309 946 minister:
327 884 360 946 et
380 884 579 960 quicumque
600 878 747 942 voluerit
768 875 927 939 intervos

133 984 260 1060 primus
276 997 360 1054 esse,
377 981 441 1042 erit
454 980 565 1042 vester
577 993 704 1040 servus.

442 1151 520 1212 CAP.
534 1150 620 1210 XVI.

173 1281 241 1340 Vos
257 1293 398 1354 quoque,
416 1275 528 1337 caeteri
541 1273 674 1340 iratres,
687 1269 833 1347 priorem
847 1283 927 1330 ves-

133 1377 222 1439 trum
237 1375 399 1437 honorate
417 1372 588 1433 humiliter
609 1392 616 1430 :
636 1369 803 1430 Christum
818 1366 928 1442 potius

135 1473 329 1549 cogitantes,
348 1487 446 1548 quam
470 1471 589 1547 ipsum,
619 1467 675 1544 qui
701 1463 811 1542 posuit
834 1463 927 1523 illum

135 1586 236 1648 super
251 1570 360 1648 capita
374 1566 498 1631 vestra.
515 1567 555 1628 nt
570 1563 787 1628 ecclesiarum
803 1575 929 1638 praepo·

133 1669 207 1730 sitis
221 1669 332 1739 etiam,
347 1666 395 1728 ait
409 1687 416 1725 ε
432 1665 493 1736 Qui
514 1679 574 1726 vos
589 1662 693 1734 audit,
708 1675 761 1722 me
775 1658 879 1730 audit,
895 1657 928 1718 et

133 1765 190 1843 qui
205 1779 263 1827 vos
277 1763 413 1840 spernit,
430 1777 482 1822 me
498 1760 634 1838 spernit,
652 1758 769 1819 utnon
785 1755 928 1818 veniatis

135 1863 169 1923 in
180 1861 343 1939 judicium
361 1859 401 1920 de
416 1857 617 1933 contemptu,
634 1854 692 1914 sed
714 1853 755 1914 de
769 1851 929 1912 ohedien-

132 1961 180 2021 tia
194 1957 389 2020 mereamini
404 1955 482 2016 vitae
497 1955 631 2015 aeternae
646 1949 842 2012 mercedem.

172 2059 252 2116 Haec
271 2054 418 2115 breviter
428 2051 632 2127 scripsimus,
649 2046 742 2110 vobis
755 2059 929 2107 conserva·

133 2143 236 2216 tionis
251 2152 371 2212 vestrae
387 2148 563 2210 formulam
586 2146 779 2215 statuentes
803 2157 927 2236 secun-

133 2253 211 2312 dum
224 2264 323 2326 quam
337 2248 451 2309 vivere
477 2243 635 2306 debeatis.
663 2243 698 2302 Si
724 2241 798 2318 quis
817 2240 929 2301 autem

134 2362 234 2423 super
248 2344 447 2421 erogaverit,
462 2345 534 2420 ipse
548 2339 708 2404 Dominus
729 2353 804 2399 curn
818 2336 930 2398 redie-

135 2445 191 2515 rit,
217 2442 332 2504 reddet
358 2441 400 2502 ei.
429 2441 549 2501 Utatur
576 2439 688 2500 tamen
713 2434 927 2502 discretione,

135 2558 209 2620 quae
223 2541 382 2602 virtutum
398 2539 451 2600 est
464 2535 678 2598 moderatrix.

172 2641 223 2699 Ex
250 2638 376 2710 Achon,
405 2635 480 2696 idus
495 2632 657 2712 januarii,
684 2645 772 2692 anno
797 2627 929 2690 Domini

471 2953 594 3042 XCIV

136 3111 189 3170 Aa
215 3109 451 3170 Nicosicusent
475 3105 509 3166 et
523 3105 773 3166 Caesartcasem
800 3101 930 3161 archie-

183 3210 343 3282 piscopos
367 3205 401 3265 ct
421 3204 577 3264 abbatem
591 3201 721 3263 Montis
747 3198 878 3261 oliveti.

403 3332 438 3391 30
447 3330 572 3405 januarii
585 3330 664 3387 teto.

284 3456 422 3523 [Raynald
435 3459 501 3505 Ann.
511 3454 544 3504 ad
554 3467 615 3504 ann.
625 3453 694 3511 1226,
709 3450 785 3516 stt]

138 3577 189 3634 Eis
204 3574 321 3632 mandat
336 3581 367 3630 ut
381 3572 514 3630 comitem
529 3570 734 3642 Tripolitanum
753 3566 853 3625 diebus
868 3567 931 3625 testi

174 3663 295 3721 solemni
312 3662 367 3719 ritu
386 3660 512 3718 fidelium
527 3658 729 3715 communione
741 3656 884 3731 depellant
898 3670 932 3713 ac

175 3752 362 3826 principatum
378 3750 467 3808 sacris
482 3747 660 3805 interdicant.

179 3842 357 3913 Honorius,
371 3840 433 3901 etc.

180 3978 297 4036 Comes
316 3971 552 4049 Tripolitanus,
576 3970 632 4047 qni
658 3985 717 4047 pro
738 3970 880 4031 diversis
900 3970 933 4031 et

139 4073 245 4135 variis
267 4070 460 4131 excessibus
475 4068 546 4128 suis
561 4069 603 4128 ad
620 4067 714 4129 illum
729 4066 866 4130 deberet
878 4068 934 4127 in·

138 4169 260 4232 tuitum
273 4166 413 4241 erigere,
429 4180 492 4242 quo
508 4163 719 4239 respiciente,
740 4166 859 4225 Petrus
879 4164 933 4227 le-

139 4268 230 4343 gitur
250 4266 287 4326 in
312 4278 445 4326 amaras
461 4260 627 4337 lacrymas
642 4260 822 4332 effluxisse,
838 4262 934 4335 gravi

140 4364 312 4425 demersus
323 4359 501 4422 oblivionis
516 4372 644 4429 somno,
660 4359 693 4419 et
706 4357 794 4419 totus
806 4372 867 4433 per
880 4374 936 4419 vo·

139 4462 292 4537 vaginem
324 4456 566 4535 desperationis
589 4454 776 4532 absorptus,
807 4454 934 4516 nullam

138 4558 270 4635 recipit,
284 4572 358 4618 cum
371 4570 549 4633 percussus
562 4568 628 4614 non
641 4552 763 4621 doleat,
782 4551 935 4629 discipli-

140 4672 230 4717 nam.
244 4654 335 4716 Idem
345 4654 446 4723 enim,
460 4651 549 4712 inter
562 4650 648 4711 alios
660 4652 732 4727 ejus
748 4649 934 4726 divulgatos

142 4768 310 4825 excessus,
325 4750 535 4813 Antiochiam
548 4750 581 4811 et
595 4749 741 4810 castrum
758 4748 936 4810 Antioche-

142 4868 233 4923 num,
250 4850 336 4929 quod
355 4846 515 4909 fratribus
537 4844 713 4923 hospitalis
734 4846 934 4923 Hierosoly-

141 4948 259 5011 mitani
297 4944 548 5007 custodiendum
576 4944 703 5005 dimisit
733 4943 934 5005 venerabilis

142 5047 246 5109 frater
274 5044 386 5105 noster
413 5040 612 5103 Albanensis
637 5042 823 5118 episcopus,
855 5042 935 5103 tunc

140 5142 341 5223 Apostolicae
357 5139 452 5202 Sedis
466 5138 606 5215 legatus,
621 5139 654 5199 et
667 5138 800 5199 domum
813 5154 935 5215 quam-

142 5243 229 5315 dam,
246 5254 345 5317 quam
359 5237 424 5314 ipsi
438 5235 563 5297 habent
585 5235 671 5313 apud
687 5236 858 5313 Tripolim,
875 5252 935 5299 ca-

142 5339 237 5417 piens
249 5336 424 5406 violenter,
447 5332 541 5394 rabie
555 5333 740 5395 concitatus
757 5332 933 5407 diabolica,

81 5421 88 5433 ’
142 5432 384 5508 unumexipsis
396 5430 575 5499 excoriari,
587 5430 933 5503 etalium,utdicitur‚

142 5532 250 5597 occidi
263 5531 351 5602 lecit,
366 5529 488 5606 praeter
501 5527 535 5588 id
557 5527 643 5603 quod
661 5526 858 5603 quibusdam
873 5544 934 5591 eo-

142 5647 217 5693 rum
232 5626 411 5692 crudeliter
425 5626 459 5687 et
472 5624 646 5687 inhoneste
665 5624 826 5699 tractatis,
841 5625 935 5687 dam·

981 493 1025 540 na
1049 479 1099 542 eis
1120 479 1237 554 gravia
1260 479 1295 542 et
1317 479 1461 560 injurias
1485 480 1659 556 irrogavit.
1681 482 1778 545 Unde

981 576 1089 638 dictus
1102 577 1277 653 episcopus
1289 577 1354 650 his,
1368 578 1512 655 aliisque
1526 578 1692 640 decausis
1707 579 1778 656 plu·

981 673 1074 733 ribus
1088 673 1287 742 manifestis,
1304 675 1439 746 insum,
1456 675 1613 749 lautores,
1634 677 1777 753 compli-

981 785 1047 842 ces,
1063 772 1096 832 et
1108 771 1347 848 participantes
1358 772 1623 850 eidem,protulit
1636 790 1776 837 excom-

981 867 1218 928 municationis
1243 869 1551 946 sententiamque
1576 872 1777 933 anctoritate

982 964 1174 1041 Apostolica
1198 965 1309 1028 extitit
1340 966 1548 1042 postmodum
1581 969 1775 1044 approbata.

985 1062 1048 1122 Sed
1070 1063 1144 1138 ipse
1165 1063 1323 1140 tanquam
1338 1065 1504 1140 peccator,
1521 1065 1578 1142 qui
1592 1067 1778 1129 contemnit

982 1160 1157 1237 postquam
1180 1160 1216 1219 in
1238 1159 1439 1236 protundum
1458 1159 1582 1223 labitur
1606 1163 1775 1237 vitiorum,

982 1256 1131 1318 eamdem
1159 1257 1360 1319 sententiam
1395 1257 1529 1334 penitus
1556 1259 1776 1336 vilipendens,

982 1352 1022 1414 de
1045 1354 1216 1416 redeundo
1230 1355 1273 1415 ad
1293 1356 1485 1417 mandatum
1511 1356 1681 1429 Ecclesiae,
1702 1374 1779 1420 cum

983 1449 1095 1513 ablata
1122 1451 1280 1520 detineat,
1308 1454 1342 1514 et
1372 1453 1413 1513 de
1437 1453 1568 1514 damnis
1587 1455 1621 1515 et
1642 1455 1779 1538 injuriis

982 1547 1109 1609 nullam
1125 1548 1387 1611 satisfactionem
1406 1550 1615 1626 impenderit,
1635 1567 1702 1614 non
1722 1555 1779 1614 vi-

981 1644 1079 1708 detur
1102 1646 1203 1708 etiam
1227 1647 1387 1722 cogitare.
1407 1647 1450 1709 Ut
1473 1650 1584 1708 autem
1607 1649 1648 1710 de
1672 1650 1779 1713 salute

982 1757 1042 1803 sua
1069 1743 1157 1804 idem
1178 1744 1345 1806 excitatns
1368 1760 1390 1805 a
1413 1744 1509 1806 nobis
1533 1745 1704 1821 recogitet,
1721 1747 1779 1823 qui

982 1855 1042 1915 per
1053 1840 1263 1915 septennium
1276 1840 1429 1916 despexit
1440 1840 1639 1903 sententiam
1654 1859 1777 1920 supra-

982 1934 1115 2008 dictam,
1141 1935 1338 1996 discretioni
1355 1938 1489 2008 vestrae,
1519 1939 1581 1998 etc.
1610 1939 1776 2017 Praecipit,

982 2034 1019 2092 ut
1033 2033 1142 2108 ipsum
1157 2031 1274 2094 diebus
1284 2033 1378 2094 lestis
1393 2033 1533 2095 solemni
1544 2035 1613 2096 ritu
1628 2034 1778 2097 fidelium

982 2129 1214 2192 communione
1229 2128 1406 2206 depellant,
1424 2143 1464 2190 ac
1485 2131 1707 2208 principatum
1727 2149 1779 2195 sa·

983 2227 1050 2288 cris
1078 2226 1290 2288 interdicant.
1315 2228 1435 2288 Datum
1450 2229 1565 2302 Reate,
1579 2230 1626 2290 ΙΙΙ
1640 2229 1775 2293 kalend.

982 2323 1155 2397 februarii,
1173 2339 1261 2387 anno
1277 2323 1416 2386 decimo.

1332 2557 1436 2646 XCV

983 2708 1035 2768 Ad
1043 2705 1199 2767 abbatem
1207 2709 1249 2768 de
1262 2708 1437 2781 Josapbat,
1450 2709 1731 2771 archidiaconum
1743 2710 1780 2771 et

1126 2805 1358 2864 subdecanum
1371 2805 1631 2866 carnotensem.

1244 2932 1278 2990 to
1288 2929 1422 2990 februarii
1438 2933 1517 2991 lato.

1004 3055 1126 3120 thegen,
1140 3055 1188 3106 lib.
1200 3056 1233 3115 X,
1251 3056 1325 3122 epist.
1346 3057 1401 3106 tls.
1412 3057 1470 3106 llss.
1481 3057 1518 3108 La
1538 3057 1612 3107 Parte
1621 3057 1657 3109 dn
1667 3057 1763 3124 ruah]

1054 3182 1080 3239 l.
1096 3181 1207 3256 regine
1218 3180 1362 3254 quondam
1371 3183 1499 3241 Francis
1508 3183 1626 3241 tutelam
1640 3183 1711 3257 ipsis

1299 3272 1461 3329 committit.

1024 3389 1204 3461 Honorius,
1218 3390 1295 3460 etc,
1314 3388 1446 3451 dilectis
1466 3389 1582 3451 tiliis...
1607 3390 1720 3453 abbati
1738 3392 1781 3453 de

984 3485 1183 3561 iosaphat...
1216 3485 1463 3558 archidiacono,
1490 3487 1559 3548 et...
1592 3488 1781 3551 subdecano

985 3582 1193 3653 carnotensi,
1209 3583 1362 3654 salutem,
1381 3584 1443 3645 etc.

1025 3680 1119 3741 Licet
1138 3680 1337 3756 Apostolicae
1367 3681 1462 3741 Sedis
1486 3680 1686 3756 benignitas,
1703 3683 1781 3752 etc,

985 3778 1023 3839 ul
1038 3780 1135 3852 itura
1155 3792 1263 3851 usque
1277 3777 1510 3855 promptiores.
1529 3778 1624 3839 Unde
1642 3793 1704 3840 nos
1717 3778 1781 3841 de-

985 3875 1130 3938 votionis
1170 3873 1346 3946 fervorem,
1389 3890 1486 3951 quem
1528 3876 1702 3937 carissima
1745 3876 1782 3937 in

986 3972 1117 4034 Christo
1149 3972 1219 4034 illia
1251 3973 1367 4033 nostra
1396 3975 1440 4044 J.,
1466 3973 1632 4049 quondam
1662 3975 1782 4050 regina

986 4072 1191 4131 Francorum
1204 4070 1357 4142 illustris,
1374 4069 1491 4131 relicta
1512 4070 1646 4145 inclytae
1664 4085 1782 4133 recor-

987 4167 1131 4230 dationis
1147 4167 1293 4244 Philippi
1313 4166 1404 4242 regis
1428 4166 1579 4227 Franciae
1600 4167 1642 4228 ad
1666 4183 1783 4229 sacro·

987 4266 1328 4325 sanctamRomanam
1339 4263 1519 4324 Ecclesiam
1527 4265 1782 4334 matremsuam,

987 4361 1021 4423 et
1034 4376 1095 4421 nos
1117 4361 1207 4437 ipsos
1222 4359 1346 4421 babere
1373 4359 1589 4436 dignoscitur,
1607 4363 1785 4425 attenden-

987 4460 1049 4531 tes,
1073 4458 1149 4529 etc.,
1177 4472 1285 4532 usquc
1307 4458 1485 4520 viduarum
1510 4459 1692 4536 specialem
1718 4460 1783 4521 sibi

987 4554 1131 4631 matiam
1154 4554 1361 4629 exhibentes,
1386 4571 1565 4632 personam
1590 4572 1685 4618 suam
1707 4542 1805 4621 cum'

988 4651 1142 4714 omnibus
1165 4652 1274 4726 bonis,
1291 4654 1367 4725 etc,
1388 4668 1497 4728 usaue
1519 4654 1729 4731 suscipimus,
1750 4657 1785 4719 et

988 4750 1231 4811 communimus
1277 4750 1485 4827 patrocinio,
1523 4752 1640 4828 scripti
1675 4753 1784 4814 nostri

989 4846 1173 4909 districtius
1187 4847 1388 4920 inhibentes,
1402 4848 1533 4924 nequis
1546 4848 1582 4907 in
1596 4849 1714 4925 ipsam,
1728 4850 1783 4913 vel

987 4945 1112 5005 terram
1159 4947 1233 5022 eJus
1261 4945 1334 5007 sine
1360 4944 1546 5017 manifesta,
1572 4945 1648 5018 etc„
1675 4962 1783 5021 usaue

988 5043 1150 5119 requirat.
1185 5042 1235 5104 lid
1274 5041 1346 5103 haec
1374 5041 1522 5117 ejusdem
1553 5044 1669 5119 scripti
1697 5060 1782 5106 auc-

988 5138 1123 5202 toritate
1153 5140 1310 5201 duximus
1346 5138 1595 5215 indulgendum,
1625 5142 1663 5203 nt
1688 5143 1719 5203 si
1746 5160 1785 5207 se

989 5238 1133 5299 senserit
1159 5238 1196 5298 in
1222 5236 1335 5314 aliquo
1354 5238 1561 5313 praegravari
1589 5238 1691 5302 liceat
1719 5241 1784 5302 sibi

989 5333 1032 5394 ad
1066 5333 1186 5394 Sedem
1220 5333 1446 5411 Apostolicam
1475 5335 1656 5411 appellare.
1695 5340 1784 5409 Quo-

988 5430 1080 5492 circa
1119 5430 1315 5494 discretioni
1347 5432 1469 5493 vestrae
1500 5448 1561 5509 per
1594 5434 1784 5510 Apostolica

989 5529 1114 5605 scripta
1126 5528 1334 5600 mandamus,
1351 5530 1515 5606 quatenus
1528 5530 1679 5605 reginam
1696 5548 1785 5608 prae-

989 5624 1092 5690 iatam
1106 5640 1174 5687 non
1188 5625 1389 5704 permittatis
1403 5629 1519 5689 contra
1531 5626 1780 5706 protectionem,
