4217 6400
199 553 557 680 HONORII
616 551 747 705 ΙΙΙ,
806 543 1286 676 PONTIFIGIS
1346 541 1685 669 ROMANI

555 945 1332 1187 EPISTOLAE

402 1463 601 1552 PRIMA
644 1461 789 1549 vicli
834 1460 901 1546 IN
946 1458 1125 1548 UNUM
1171 1455 1497 1545 COLLEGTAE

662 2331 895 2456 LIBRI
956 2327 1248 2454 bucini

815 2557 1102 2608 corirlbtuarm.

462 2919 607 3006 LXVII
990 2911 1149 2989 quasdam
1165 2927 1265 2990 super
1279 2911 1342 2973 hoc
1361 2926 1381 2972 a
1402 2911 1498 2974 nobis
1513 2913 1629 2976 contra
1644 2931 1703 2976 vos
1722 2916 1782 2977 lit-

896 3081 902 3092 ,
989 3011 1079 3070 teras
1094 3009 1295 3086 impetravit
1316 3011 1463 3086 Cumque
1484 3026 1544 3088 per
1558 3012 1783 3075 venerabilem

167 3082 220 3142 Aa
242 3079 396 3142 abbatem
417 3079 450 3141 eff
471 3079 677 3141 mmmm
695 3079 902 3140 monadem
990 3106 1127 3168 fratrem
1151 3109 1351 3168 nostrum...
1378 3108 1662 3172 silvanectensem
1689 3111 1784 3188 epis»

213 3179 248 3239 S·
264 3179 427 3249 Rlvherl'b
444 3179 684 3238 Ambtaoeusts
700 3179 866 3239 dioeoe‘iis·
990 3221 1121 3283 copum,
1137 3207 1170 3267 et
1183 3208 1256 3282 ejus
1272 3206 1418 3281 collegas
1433 3224 1515 3284 quos
1531 3224 1632 3286 super
1646 3208 1699 3269 his
1711 3226 1783 3282 voc,

416 3316 566 3389 ajanuarii
583 3316 662 3373 1226,
990 3302 1125 3364 elidem
1140 3303 1315 3379 episcopus
1337 3304 1480 3366 arbitros
1495 3306 1643 3381 elegistis
1662 3306 1704 3367 ad
1723 3324 1786 3369 nos

180 3448 899 3515 luegesc,lih.·x,epist.148.llss.LaPorteduTheil.]
991 3403 1120 3477 Partem
1144 3402 1317 3477 ¹¹⁰²qu
1345 3402 1614 3465 mandaverimus
1640 3405 1785 3477 &⁰⁰³¹ss

181 3504 192 3516 ·
991 3498 1101 3559 vestro
1119 3496 1251 3557 tandem
1273 3499 1305 3560 et
1329 3498 1468 3560 alterius
1494 3502 1599 3576 partis
1621 3517 1786 3577 procura-

142 3574 278 3645 Quaedam
290 3574 437 3649 privilegia
451 3574 519 3675 ipsis
532 3573 567 3631 ab
577 3572 738 3673 Alexandro
748 3575 788 3632 lll
799 3587 937 3631 concessa
991 3594 1119 3656 toribus
1140 3593 1177 3654 jn
1200 3596 1314 3655 nostra
1339 3598 1517 3672 praesemia
1539 3599 1727 3660 constitutis
1750 3598 1787 3660 in

379 3661 477 3720 desum
492 3669 520 3719 et
534 3662 665 3736 ⁰xp¹¹⁰⁸¹·
992 3690 1194 3767 recipiendis
1215 3692 1523 3753 consecrationibus
1542 3694 1710 3767 altarium,
1728 3711 1788 3756 seu

182 3789 362 3862 Honorius,
379 3789 455 3860 etc,
479 3788 609 3849 dilectis
627 3788 743 3849 tiliis...
765 3788 888 3862 abbati,
905 3789 938 3851 et
991 3788 1205 3849 basilicarum
1221 3790 1254 3849 et
1268 3788 1535 3850 ordinationibus
1547 3791 1787 3854 monachorum

143 3890 322 3971 conventui
337 3890 531 3952 monasterii
548 3889 661 3951 Sancti
676 3891 837 3964 Ricberii,
858 3894 939 3952 Am·
991 3886 1045 3949 vel
1070 3885 1268 3947 clericorum
1292 3886 1333 3947 ab
1361 3886 1590 3949 Ambianiensi
1618 3889 1785 3967 episcopo,

142 3989 314 4050 bianensis
329 3987 494 4059 dioecesis,
511 3986 662 4059 salutem,
677 3988 739 4049 etc.
992 3984 1236 4047 communicato
1260 3982 1401 4046 fratrum
1424 3987 1614 4048 nostrornm
1633 3988 1785 4061 consilio,

184 4086 275 4146 Mota
296 4084 376 4145 olim
400 4099 420 4144 a
442 4083 538 4144 bonae
569 4085 775 4145 memoriae...
797 4084 936 4147 Ambia-
992 4098 1052 4143 vos
1077 4082 1284 4144 decrevimus
1309 4098 1376 4143 non
1399 4082 1517 4143 teneri.
1542 4086 1647 4161 Super
1671 4101 1789 4163 recep-

143 4182 241 4245 nensi
254 4180 409 4258 episcopo
424 4195 525 4256 super
536 4180 638 4241 vestri
653 4180 857 4255 subjectione
872 4199 939 4244 mo·
992 4180 1082 4241 tione
1093 4180 1295 4251 chrismatis,
1312 4181 1345 4240 et
1359 4179 1425 4240 olei
1437 4180 1549 4241 taliter
1560 4182 1784 4257 providentes,

144 4278 284 4341 naslerii
293 4276 487 4355 quaestione,
498 4292 537 4337 ac
548 4291 659 4337 coram
671 4275 777 4337 salicis
788 4280 939 4340 recorda·
993 4276 1079 4353 quod
1095 4292 1134 4337 ea
1149 4275 1191 4336 ab
1204 4275 1419 4336 ambianensi
1433 4278 1603 4354 recipiatis
1617 4281 1785 4359 episcopo,

142 4375 453 4456 tionislnnocentio
469 4389 555 4451 papa
566 4372 811 4451 praedecessore
824 4376 938 4436 nostro
993 4373 1021 4433 si
1036 4387 1077 4432 ea
1091 4370 1185 4433 vobis
1204 4372 1320 4447 gratis,
1345 4372 1379 4433 et
1397 4372 1470 4434 sine
1489 4376 1654 4451 pravitate
1673 4378 1786 4454 aliqua

141 4472 340 4550 aliquandiu
355 4472 491 4547 agitata,
507 4487 567 4533 nos
582 4471 939 4548 tandem,cumquaes-
992 4467 1137 4530 voluerit
1162 4468 1331 4530 exhibere.
1365 4470 1522 4547 Alioquin
1557 4473 1658 4535 liceat
1691 4475 1788 4537 vobis

141 4572 188 4633 tio
205 4570 321 4632 eadem
341 4569 383 4629 ad
402 4570 554 4630 nostrum
573 4568 762 4631 devenisset
784 4584 935 4641 examen,
993 4574 1232 4645 quemcumque
1257 4568 1443 4629 malueritis
1455 4569 1669 4664 catholicum
1692 4574 1787 4635 adire

142 4668 380 4729 monasterium
397 4666 505 4744 ipsum
527 4666 568 4727 de
588 4666 727 4727 fratrum
749 4668 937 4729 nostrorum
992 4664 1186 4733 antistitem,
1198 4664 1353 4739 gratiam,
1367 4667 1400 4726 et
1410 4668 1676 4730 communionem
1685 4675 1788 4749 Apos-

143 4764 284 4829 cousilio
303 4763 447 4825 liberum
470 4762 690 4836 decrevimus
717 4763 809 4825 etad
830 4764 937 4825 solum
991 4762 1101 4825 tolicae
1126 4762 1221 4823 Sedis
1245 4761 1432 4836 habentem,
1461 4763 1517 4840 qui
1543 4768 1657 4828 nostra
1680 4768 1786 4831 fretus

143 4864 328 4925 Romanum
341 4860 537 4923 Pontificem
551 4861 731 4938 pertinere.
753 4860 817 4922 Sed
830 4876 936 4923 vene·
991 4861 1189 4921 auctoritate
1198 4858 1293 4921 vobis
1306 4860 1391 4946 quod
1404 4862 1592 4938 postulatur
1603 4863 1783 4942 impendat.

142 4958 261 5021 rabilis
282 4958 385 5020 irater
409 4958 559 5020 noster...
589 4958 824 5020 ambianensis
848 4959 938 5035 epis·
991 4957 1223 5020 ambianensis
1237 4958 1349 5019 tamen
1364 4957 1539 5035 episcopus
1558 4976 1601 5021 ex
1615 4960 1679 5024 boc
1698 4967 1784 5043 quod

144 5072 246 5134 copus
261 5070 460 5134 proponens,
477 5055 564 5131 qnod
585 5070 644 5116 vos
667 5055 848 5118 secundum
867 5056 938 5133 pri·
991 5054 1164 5132 praemissa
1178 5052 1272 5115 vobis
1285 5053 1421 5116 exhibet
1438 5055 1474 5116 in
1489 5058 1692 5121 monasterio
1705 5078 1785 5125 ves-

142 5154 301 5230 vilegium
324 5153 419 5215 bonae
444 5154 613 5214 memoriae
635 5152 818 5214 Alexandri
842 5169 937 5230 papae
990 5154 1053 5223 tro,
1071 5151 1157 5228 quod
1172 5149 1213 5211 ad
1231 5166 1303 5222 nos,
1320 5154 1356 5213 ut
1374 5151 1497 5213 dictum
1518 5154 1579 5227 est,
1595 5158 1787 5232 specialiter

142 5250 399 5329 praedecessoris
427 5246 533 5310 nostri
568 5250 724 5320 chrisma,
763 5253 796 5312 et
827 5250 936 5311 oleum
991 5250 1145 5326 pertinet,
1161 5247 1287 5310 nnllam
1303 5249 1569 5325 jurisdictionem
1589 5253 1653 5314 sibi
1675 5257 1786 5321 valeat

143 5349 305 5420 sanctum,
318 5348 585 5410 consecrationes
599 5346 766 5420 altarium,
781 5347 936 5409 seubnsi-
990 5346 1180 5408 vendicare.
1201 5345 1294 5407 Nulli
1314 5361 1405 5421 ergo,
1426 5347 1503 5420 etc,
1527 5348 1613 5412 hanc
1628 5355 1785 5429 paginam

143 5444 296 5519 licarum,
333 5444 560 5507 ordinationes
592 5446 841 5517 monachorum,
877 5461 937 5506 seu
990 5445 1113 5506 nostrae
1128 5442 1337 5504 diffinitionis
1352 5444 1548 5522 infringere,
1569 5452 1633 5511 etc.
1654 5452 1689 5512 Si
1709 5456 1784 5529 quis

144 5544 352 5615 clericorum,
370 5542 427 5620 qui
441 5542 481 5603 ad
496 5558 609 5604 sacros
624 5544 702 5603 sunt
716 5542 849 5603 ordines
864 5558 937 5619 pro·
990 5542 1112 5614 autem,
1137 5542 1198 5602 etc.
1225 5541 1344 5603 Datum
1365 5542 1480 5616 Reate,
1503 5545 1603 5607 nonis
1620 5549 1781 5624 januarii,

144 5640 303 5707 movendi.
313 5640 354 5703 ab
369 5656 409 5702 eo
424 5642 547 5717 petere,
564 5640 597 5702 et
611 5640 759 5716 recipere
775 5638 933 5712 debeatis,
990 5654 1079 5701 anno
1094 5638 1232 5700 decimo.

302 5787 416 5831 ramos.
435 5786 509 5830 roua
528 5772 563 5833 ll.
1609 5778 1623 5833 l
