4217 6400
126 313 186 371 201
744 311 974 373 EPISTOLAE.
1003 315 1083 375 LIB.
1106 315 1161 376 XI.

1713 325 1774 384 202

127 471 169 530 de
189 468 427 546 impedimento
448 469 584 532 luminis
601 486 667 548 666
682 469 805 532 dicitur
822 471 923 532 labo-
977 473 1310 545 morum,litterarum
1322 477 1473 550 scientia,
1486 477 1659 544 nobilitate
1668 497 1772 556 gene-

127 583 217 638 6666,
234 567 354 627 melius
373 567 402 628 si
425 583 574 644 praesens
596 567 698 629 tuerit
716 568 829 629 valeat
848 568 923 628 lieri
977 570 1024 630 ris
1045 571 1079 632 61
1102 572 1232 632 caeteris
1258 573 1323 636 tuae
1350 574 1523 651 probitatis
1553 578 1682 639 meritis
1708 581 1772 642 rite

126 663 331 737 nobisfides,
348 663 472 742 616616
488 665 769 726 idemcanonicus
787 681 922 727 causam
977 668 1124 742 pensatis
1146 669 1207 730 tibi
1232 673 1444 740 concesserit,
1464 679 1500 735 ut
1518 675 1773 752 6666661166666

126 762 236 839 ipsam
248 778 285 822 se
297 763 419 824 asserit
433 763 468 823 in
484 763 642 839 expensis
654 764 798 840 propriis
812 779 924 840 prose·
979 766 1011 824 S.
1027 765 1183 837 Victoris,
1208 767 1247 827 de
1271 769 1477 830 Undenheim
1502 772 1595 833 etde
1618 775 1772 835 Genseim

127 861 252 929 cutum,
268 875 309 920 ne
324 860 405 936 ipsis
425 859 655 936 deficientibus
671 876 745 921 eam
757 860 923 950 deserere
977 862 1137 926 ecclesias
1149 880 1214 924 una
1229 879 1303 926 cum
1317 866 1479 930 decanatu
1487 869 1601 930 valeas
1613 871 1769 944 retinere,

127 957 357 1033 compellatur,
375 957 479 1019 donec
493 958 567 1035 ipsa
584 943 925 1041 suapsoni'atdi'et-
977 960 1167 1036 supplicans
1182 961 1278 1023 uobis
1293 963 1517 1036 instanter,ut
1532 967 1594 1028 hoc
1608 968 1695 1029 idem
1711 969 1773 1030 tibi

126 1053 251 1116 fectum
268 1055 308 1116 de
322 1054 420 1116 bonis
431 1055 589 1132 episcopi,
605 1056 661 1133 661
677 1057 857 1117 contumax
873 1056 924 1117 est
977 1072 1020 1118 ex
1031 1057 1289 1134 dispensationis
1303 1055 1425 1124 6661666
1438 1064 1547 1138 gratia
1558 1065 1770 1140 largiremur.

126 1151 332 1228 reputandus
356 1169 399 1214 ex
422 1167 462 1214 66
487 1153 573 1230 6661
593 1153 679 1214 61661
704 1152 804 1214 talem
832 1153 922 1216 misit
977 1155 1047 1215 Nos
1059 1157 1131 1231 ejus
1149 1155 1302 1232 precibus
1319 1158 1474 1221 inclinati
1489 1162 1522 1222 et
1536 1161 1692 1237 probitati
1707 1164 1773 1225 tuae
1873 1151 1876 1158 ’

126 1250 292 1320 nuntium,
311 1249 359 1310 ita
381 1223 629 1326 procuratorem
646 1250 803 1312 idoneum
818 1251 925 1327 potuit
976 1252 1125 1314 favorem
1157 1253 1302 1316 debitum
1337 1257 1580 1332 impendentes,
1602 1259 1712 1321 tecum
1737 1261 1774 1321 61

126 1345 308 1416 166116666,
322 1345 357 1405 16
373 1346 530 1422 expensis
550 1346 615 1406 sibi
633 1346 728 1423 petiit
742 1346 921 1423 provideri.
977 1349 1152 1426 praedictas
1176 1350 1353 1426 dignitates
1382 1355 1415 1415 et
1440 1354 1600 1416 ecclesias
1626 1357 1773 1418 retinere

126 1442 290 1514 Quocirca
305 1442 499 1504 discretioni
513 1444 632 1505 vestrae
651 1460 711 1520 per
731 1444 923 1520 1666161166
976 1444 1101 1517 valeas,
1116 1446 1311 1508 auctoritate
1323 1447 1513 1524 1666161166
1527 1449 1771 1526 dispensamus.

126 1541 252 1617 scripta
262 1540 468 1609 mandamus,
479 1543 642 1618 quatenus
661 1542 853 1618 episcopum
865 1541 923 1617 ip·
977 1541 1070 1602 Nulli
1090 1557 1170 1616 ergo
1195 1543 1329 1604 omnino
1358 1544 1529 1606 bominum
1557 1545 1656 1607 liceat
1684 1547 1772 1608 bauo

128 1638 259 1698 eumad
279 1638 426 1699 nostram
446 1639 554 1700 citetis
574 1638 797 1716 praesentiam,
807 1638 924 1700 termi-
977 1639 1132 1716 pagiuam
1141 1641 1264 1702 nostrae
1273 1641 1498 1702 concessionis
1506 1641 1772 1718 infringeremtc.

127 1751 209 1796 num
224 1735 289 1796 sibi
303 1737 573 1814 peremptorium,
590 1737 745 1799 videlicet
759 1737 800 1797 ad
815 1737 922 1813 primo
978 1735 1013 1796 Si
1028 1736 1102 1811 6616
1117 1737 1238 1807 autem,
1256 1739 1317 1800 etc.
1333 1740 1451 1800 Datum
1464 1739 1632 1811 Laterani,
1645 1741 1690 1801 Vl
1705 1755 1771 1800 66-

126 1831 434 1894 uenturumlestum
444 1833 922 1908 Omniumsauctoruminquo
977 1847 1037 1892 nas
1052 1833 1175 1904 martii,
1190 1833 1400 1910 pontificatus
1424 1836 1532 1900 nostri
1554 1851 1643 1898 anno
1668 1835 1774 1898 unde-

126 1928 349 2004 personaliter
364 1944 475 1990 coram
498 1928 594 1990 nobis
609 1930 801 2004 compareat
814 1929 923 2004 assig-
978 1928 1075 1989 cimo.
1135 2002 1141 2016 Ι

125 2031 258 2096 666166,
275 2026 308 2087 61
328 2026 369 2086 16
392 2026 549 2102 expensis
573 2026 744 2100 legitimis,
763 2027 796 2086 et
810 2026 924 2087 mode·

125 2122 223 2192 ratis,
240 2138 322 2200 quas
343 2122 432 2196 16611,
448 2123 716 2200 ipsecanouicus
737 2139 757 2183 6
780 2123 923 2185 termino
1289 2109 1454 2195 LXXIII

125 2235 187 2296 per
199 2219 362 2281 decanum
375 2222 653 2295 Xanctonensem,
667 2222 701 2282 et
724 2220 829 2297 ipsius
853 2220 924 2280 col·
976 2259 1029 2318 Aa
1041 2259 1233 2319 Jonannem
1247 2259 1403 2319 abbatem
1416 2261 1450 2321 S·
1467 2259 1606 2321 Rerum
1630 2261 1772 2334 ejusque

126 2316 224 2391 legas
250 2316 399 2401 partibus
430 2318 619 2394 assignato,
650 2334 715 2394 666
743 2332 779 2378 66
806 2317 923 2378 666166
1299 2356 1442 2430 fratre&
1608 2305 1616 2332 ’

126 2414 319 2490 conspectui
340 2416 598 2491 praesentarent,
623 2415 730 2477 eidem
760 2415 923 2476 canonico
1369 2485 1384 2498 ..

126 2510 169 2571 de
183 2509 280 2570 bonis
295 2511 375 2573 dicti
387 2511 546 2588 episcopi,
558 2514 657 2588 prout
668 2512 797 2589 justum
809 2509 920 2582 tuerit,
1247 2485 1272 2592 ¹⁵
1292 2492 1387 2542 ”¹³¹²st
1404 2485 1481 2543 ¹²²⁶·

125 2606 284 2669 satisfieri
295 2606 465 2670 facientes.
478 2609 755 2680 contradictores,
767 2609 842 2679 etc,
855 2623 923 2668 666
1008 2597 1106 2661 [sonus
1117 2599 1228 2660 norece,
1239 2599 1295 2650 ⁵¹⁵⁸·
1310 2599 1396 2689 1111131·
1409 2604 1428 2649 i·
1444 2600 1602 2656 Gfflvffl·
1618 2599 1742 2652 31111011·

126 2703 336 2765 obstantibus
351 2704 472 2766 litteris
491 2704 568 2765 aliis
590 2721 609 2766 a
630 2705 715 2765 Sede
730 2703 923 2780 1666161166
1316 2679 1425 2744 ¹¹³‘¹⁰¹¹·]

125 2803 255 2878 praeter
278 2800 450 2876 utriusque
474 2801 579 2878 partis
602 2817 743 2862 assensu
765 2801 919 2863 06666668,
977 2783 1130 2843 Confirmat
1144 2783 1299 2854 libertates,
1318 2784 1404 2855 bona,
1428 2785 1635 2858 possessiones,
1653 2787 1768 2859 privile·

126 2897 290 2975 Quicquid
305 2912 385 2958 voro
400 2913 500 2974 super
523 2898 586 2959 hoc
607 2898 772 2960 duxeritis
795 2897 924 2960 facien,
1012 2873 1071 2946 gia,
1092 2872 1166 2944 jura,
1190 2872 1395 2946 immunitates,
1418 2875 1575 2946 praesertim
1597 2875 1726 2934 decimae
1743 2881 1772 2933 et

125 2995 217 3065 dum,
232 2994 328 3057 uobis
338 2995 481 3057 fideliter
493 2995 694 3058 rescribatis.
709 2995 799 3067 Quod
813 2997 843 3056 si
856 3011 922 3057 non
1013 2960 1150 3019 ⁰⁰⁰¹⁰⁸⁵⁸⁸
1164 2963 1330 3019 m⁰⁰³³¹efii
1343 2961 1438 3020 samu
1448 2962 1563 3020 Bfflissi'

126 3107 254 3163 omnes,
270 3093 346 3164 etc„
365 3092 430 3154 duo
451 3096 611 3161 restrum,
627 3096 689 3155 eto.
714 3094 834 3155 Datum
857 3095 923 3154 La·
1016 3087 1184 3148 Honorius
1194 3087 1381 3164 episcopus,
1393 3104 1508 3150 servus
1517 3102 1689 3150 setv⁰rum
1697 3089 1768 3160 Dei,

123 3190 247 3263 166661,
260 3191 354 3253 sexto
369 3206 474 3253 nonas
490 3192 613 3262 martii,
630 3208 719 3254 anno
732 3191 921 3254 undecimo,
977 3184 1107 3247 dilectis
1124 3184 1202 3245 tiliis
1214 3185 1359 3248 Johanni
1375 3185 1485 3249 abbati
1506 3187 1618 3249 Sancti
1633 3185 1773 3257 Bertini,

977 3286 1116 3360 6666666
1146 3282 1305 3346 fratribus
1328 3285 1396 3346 tam
1426 3284 1646 3361 praesentibus
1672 3300 1772 3361 quam

977 3378 1108 3450 tuturis,
1125 3380 1313 3455 regularem
1338 3381 1440 3441 vitam
1455 3380 1614 3457 protessis
1633 3381 1670 3441 in
1692 3396 1774 3456 per-

977 3477 1122 3551 potuum.

1017 3572 1220 3648 Religiosam
1243 3572 1347 3633 vitam
1369 3572 1568 3649 eligentibus
1597 3573 1769 3649 Apostoli-

452 3485 596 3571 LXXII

123 3646 180 3704 Acl
203 3646 454 3716 Christianum,
475 3648 643 3707 decenum
665 3644 921 3721 Mamertinum.

415 3784 432 3842 2
451 3785 545 3843 martii
560 3785 638 3842 1227.

243 3914 421 3979 [Wurdtuein
436 3918 509 3968 Novo
522 3916 651 3975 subsidia,
669 3916 713 3977 tv,
731 3914 798 3981 lit]

123 4041 158 4097 Ei
174 4038 307 4096 concedit
320 4048 351 4097 ut
365 4041 581 4113 praeposituram
595 4040 623 4097 S.
640 4039 764 4099 Victoris
775 4047 804 4097 et
818 4036 854 4098 de
868 4036 923 4100 Un-

160 4126 297 4184 denheim
315 4136 343 4184 et
361 4128 396 4185 de
409 4129 544 4187 Genseim
562 4128 699 4184 ecclesias
717 4143 855 4185 unacum
871 4127 920 4184 de·

165 4224 270 4273 canam
285 4218 375 4290 possit
386 4217 519 4273 retinere.

166 4355 334 4420 Honorius
344 4353 531 4431 episcopus,
542 4366 659 4413 seruus
667 4364 840 4411 serrorum
849 4350 922 4419 Dei,

125 4454 247 4516 diiecto
276 4452 345 4513 tilio
369 4453 404 4512 (l.
435 4450 561 4512 decano
591 4447 803 4525 maguntino,
830 4447 924 4508 salu-

123 4555 205 4623 tem,
222 4551 285 4612 616.

977 3686 1052 3730 cum
1076 3669 1231 3732 convenit
1245 3669 1365 3731 adesse
1387 3670 1592 3746 praesidium,
1617 3686 1660 3731 ne
1685 3670 1771 3731 16616

977 3766 1154 3844 cujuslibet
1182 3768 1381 3829 temeritatis
1405 3768 1561 3828 incursus
1589 3768 1647 3829 aut
1673 3782 1730 3828 666
1752 3781 1773 3828 a

977 3864 1146 3941 proposito
1168 3866 1313 3937 revocet,
1336 3865 1394 3925 aut
1416 3863 1530 3937 robur,
1561 3864 1647 3943 6661
1673 3864 1772 3937 absit,

978 3978 1082 4023 sacrae
1090 3961 1445 4039 religionisiniringat.
1455 3964 1648 4039 Eapropter,
1659 3961 1771 4025 dilecti

977 4060 1012 4120 in
1035 4060 1175 4121 Domino
1197 4060 1269 4132 tilii,
1285 4060 1407 4121 vestris
1424 4061 1525 4135 Justis
1538 4058 1775 4135 postulationi·

977 4156 1039 4218 bus
1067 4157 1246 4218 clementer
1261 4156 1453 4227 annuimus,
1479 4157 1511 4216 et
1534 4156 1774 4219 monasterium

978 4254 1092 4315 Sancti
1111 4253 1236 4314 Bertini
1252 4253 1287 4313 in
1299 4252 1380 4313 villa
1400 4253 1513 4314 Sancti
1528 4253 1720 4323 Audomari,
1737 4254 1773 4315 in

978 4366 1042 4427 666
1071 4349 1184 4411 116166
1210 4349 1391 4425 mancipati
1413 4349 1493 4411 estis
1516 4349 1685 4427 obsequio,
1712 4350 1772 4411 sub

977 4446 1066 4508 beati
1090 4446 1181 4508 Petri
1206 4446 1239 4509 et
1266 4448 1380 4507 nostra
1408 4448 1611 4525 protectione
1630 4447 1774 4523 suscipi-

976 4561 1061 4616 mus,
1078 4544 1111 4605 et
1125 4544 1299 4620 praesentis
1313 4545 1427 4621 scripti
1440 4544 1613 4621 priuilegio
1625 4559 1774 4605 commu-

167 4648 229 4720 Qui
243 4647 329 4709 bene
341 4646 477 4708 meritos
487 4646 638 4722 cupimus
653 4644 818 4715 inuenire,
832 4642 922 4705 tanto
976 4642 1097 4712 nimus,
1125 4641 1159 4701 16
1188 4640 1304 4718 primis
1324 4641 1487 4717 siquidem
1514 4641 1707 4711 statuentes,
1737 4642 1773 4702 ut

124 4746 286 4807 libentius
316 4745 519 4805 honoramus
542 4743 707 4815 inventos,
733 4743 857 4821 666616
879 4740 921 4801 61
976 4740 1057 4801 6616
1086 4739 1299 4809 monasticus,
1324 4738 1380 4815 661
1409 4738 1589 4799 secundum
1610 4740 1712 4799 Deum
1739 4739 1774 4799 61

124 4843 270 4905 6161166
286 4841 471 4903 honestatis
485 4840 740 4902 desiderabilius
756 4838 922 4901 allicimus
976 4836 1065 4898 beati
1078 4835 1246 4897 Benedicti
1262 4836 1412 4910 regulam
1425 4834 1459 4896 iu
1476 4835 1591 4897 eodem
1608 4836 1773 4897 monaste·

124 4932 312 5012 universos,
329 4956 404 5001 cum
430 4938 494 4999 etsi
514 4938 622 4999 virtus
643 4936 744 4997 nullis
764 4937 920 4998 comitata
976 4935 1027 4994 rio
1056 4933 1227 4995 institutus
1255 4947 1329 4994 esse
1354 4932 1570 5007 dignoscitur,
1604 4933 1772 5009 perpetuis

123 5038 222 5100 bonis
234 5038 382 5099 exterius
400 5052 443 5097 ex
461 5051 498 5097 se
512 5036 556 5095 sit
570 5034 802 5112 principaliter
815 5049 921 5111 6666-
977 5030 1100 5091 ibidem
1124 5030 1327 5106 temporibus
1351 5028 1591 5091 inuiolabiliter
1614 5028 1773 5092 observe-

123 5136 237 5206 tenda,
262 5136 348 5195 sicut
374 5136 486 5194 tamen
512 5132 624 5207 dignis
647 5131 922 5194 retributionibus
976 5129 1041 5190 tur.
1075 5128 1242 5189 Praeterea
1273 5142 1498 5203 quascumque
1531 5128 1769 5203 possessiones,

123 5234 300 5303 honorata,
311 5230 565 5293 desiderabilior
580 5230 740 5302 redditur,
753 5230 800 5291 116
811 5230 922 5291 minus
977 5240 1194 5303 quaecumque
1205 5223 1291 5285 bona
1302 5223 1389 5284 idem
1398 5224 1679 5285 monasteriumin
1689 5240 1773 5301 666-

124 5331 221 5393 tieret
247 5329 449 5407 appetibilis,
475 5328 516 5399 si,
541 5327 628 5404 6661
654 5326 751 5399 absit,
780 5326 922 5403 speratis
976 5323 1160 5384 sentiarum
1182 5322 1272 5399 juste
1294 5321 1501 5383 6166666166
1526 5322 1683 5397 possidet,
1714 5322 1772 5383 661
1839 5312 1841 5317 ’

123 5427 273 5507 praemiis
282 5426 503 5487 fraudaretur.
517 5427 596 5486 Cum
607 5425 711 5501 igitur
721 5423 922 5485 venerabilis
976 5420 1012 5481 in
1035 5418 1182 5481 turiurum
1202 5418 1416 5479 concessione
1439 5419 1644 5495 pontificum,
1662 5419 1769 5493 largi-

123 5528 231 5587 srater
262 5522 477 5604 C(onradus),
505 5522 701 5584 Portuensis
734 5520 920 5597 episcopus,
975 5518 1066 5579 11666
1081 5532 1196 5593 regum
1220 5515 1274 5577 vel
1290 5515 1489 5593 principum,
1509 5515 1679 5577 oblatione
1692 5516 1772 5577 ilde·

123 5628 206 5687 tunc
232 5621 430 5698 (16661611666
455 5620 551 5681 Sedis
576 5620 717 5696 legatus,
746 5618 923 5680 honestate
976 5616 1070 5685 lium,
1091 5630 1151 5675 seu
1171 5612 1248 5674 aliis
1259 5612 1359 5690 justis
1387 5614 1493 5675 modis
1509 5611 1687 5690 praestaute
1705 5616 1771 5675 Do-
