4217 6400
936 298 1112 360 HONORII
1135 300 1179 359 III
1201 299 1349 361 OPERA.

630 467 795 556 LXVIII

365 619 417 680 Ad
430 621 598 680 decanum
613 618 646 678 et
660 619 848 692 capitulam
864 621 1058 679 Trecentos.
1086 631 1093 672 :

596 751 611 806 7
624 747 747 821 januarii
764 747 843 804 1226.

342 871 463 936 [Regest.,
477 871 523 922 lib.
534 872 567 930 X,
577 871 651 934 epist.
668 871 722 920 lto.
738 871 796 920 llss.
812 872 848 921 La
858 870 934 920 Porte
945 871 979 922 dn
990 869 1085 935 rhein]

315 998 447 1069 Praecipit
458 997 511 1064 eis,
527 1004 557 1052 ut
569 1009 627 1052 nou
645 995 776 1052 obstante
792 993 970 1068 indulgentia
988 995 1111 1066 quadam
1128 1006 1131 1010 “

351 1085 480 1142 ecclesia
501 1086 634 1140 'bracensi
652 1099 799 1152 concessa,
820 1085 1003 1144 Valerianum
1022 1085 1108 1148 cleri·

351 1189 427 1242 cum,
448 1187 619 1244 germanum
639 1171 742 1244 judicis
766 1173 864 1230 Morici
888 1173 959 1230 civis
977 1175 1110 1243 Romani,

352 1263 383 1319 in
397 1261 566 1319 canonicum
580 1268 607 1317 et
624 1259 738 1318 tratrem
754 1263 901 1334 recipiant.

357 1388 524 1449 Honorius
562 1387 750 1470 episcopus,
786 1403 903 1448 servus
939 1403 1111 1449 servorum

315 1485 387 1557 Dei,
404 1485 534 1546 dilectis
549 1485 664 1544 tiliis...
681 1485 817 1554 decano,
832 1485 866 1546 et
877 1485 1023 1562 capitulo
1036 1487 1113 1544 Tre·

317 1583 420 1654 censi,
456 1582 596 1643 salutem
632 1583 664 1642 et
696 1582 919 1658 Apostolicam
950 1581 1111 1642 benedic-

317 1681 453 1741 tionem.

356 1779 437 1837 Cum
452 1776 531 1836 olim
546 1775 731 1837 venerabili
747 1775 842 1837 tratri
863 1776 1014 1837 nostro...
1039 1776 1112 1853 epi-

318 1889 418 1951 scopo
446 1874 603 1934 Trecensi
630 1873 664 1935 et
689 1873 784 1934 vobis
809 1873 1050 1950 scripserimus,
1077 1875 1113 1934 ut

237 1955 244 1968 ’
316 1987 376 2033 vos
392 1969 549 2031 dilectum
573 1969 678 2030 illium
700 1969 915 2031 Valerianum
940 1970 1109 2043 clericum,

264 2065 273 2078 '
316 2083 511 2144 germanum
532 2067 653 2128 nobilis
670 2067 736 2128 viri
751 2067 875 2144 jndisis
893 2068 1010 2128 Morici
1029 2068 1111 2129 civis

316 2163 457 2225 Romani
484 2179 544 2240 pro
570 2163 685 2224 nostra
712 2163 744 2224 et
768 2163 925 2224 Ecclesiae
952 2165 1111 2224 Romanae

314 2259 514 2332 reverentia,
535 2260 729 2335 reciperetis
749 2259 783 2320 in
804 2259 1001 2320 canonicum
1023 2261 1057 2322 ct
1077 2261 1112 2323 in

314 2359 463 2430 fratrem,
480 2357 513 2418 et
527 2356 613 2417 idem
631 2357 806 2434 episcopus
824 2357 989 2420 conferret
1004 2359 1037 2418 et
1050 2374 1110 2418 as·

315 2456 464 2532 signaret
478 2454 542 2514 sibi
558 2453 780 2530 praebendam,
798 2454 827 2514 si
842 2456 954 2531 quain
969 2456 1111 2516 ecclesia

314 2555 427 2617 vestra
443 2552 580 2614 vacaret
598 2552 639 2611 ad
660 2567 819 2628 praesens,
839 2552 893 2614 vel
916 2553 1110 2628 quantocius

315 2651 545 2728 opportunitas
569 2665 604 2710 se
626 2649 774 2722 offerret,
790 2649 997 2724 indulgentia
1012 2665 1110 2726 quam

314 2749 355 2810 de
374 2765 440 2809 non
455 2747 659 2825 providendo
679 2747 755 2807 aliis
775 2763 795 2807 a
819 2747 902 2808 Sede
921 2747 1110 2823 Apostolica

314 2846 497 2909 obtinuisse
517 2845 640 2906 dicitur
654 2844 770 2906 eadem
790 2845 932 2905 ecclesia
947 2861 1012 2904 nou
1034 2845 1112 2904 obs-

312 2944 417 3016 tante,
444 2942 602 3020 praeiatus
629 2942 804 3018 episcopus
825 2941 1046 3018 personaliter
1069 2942 1111 3002 ad

314 3041 527 3119 praesentiam
542 3037 690 3100 nostram
704 3038 865 3099 accedens
884 3053 984 3114 super
999 3038 1112 3114 provi-

314 3139 409 3202 sione
434 3137 547 3199 clerici
576 3134 759 3212 supradicti
783 3135 954 3196 humiliter
976 3131 1111 3196 tan'dem

313 3238 349 3297 in
368 3236 462 3314 parte
482 3234 594 3315 paruit
617 3234 739 3295 nostrae
762 3232 969 3309 beneplacito
989 3233 1111 3294 volun-

312 3334 403 3406 tatis,
425 3331 593 3394 concessis
613 3330 720 3391 eidem
738 3330 859 3391 litteris
878 3330 959 3403 suis,
985 3330 1019 3391 in
1035 3331 1112 3411 qui-

312 3432 374 3493 bus
394 3431 500 3493 torma
519 3428 721 3507 provisionis
744 3428 849 3506 ipsius
874 3428 988 3490 clerici
1003 3429 1113 3490 conti·

313 3528 423 3602 netur,
436 3544 535 3605 quam
546 3526 744 3588 auctoritate
753 3526 943 3602 Apostolica
955 3526 1110 3589 duximus

314 3626 586 3689 confirmandam.
600 3624 760 3696 Quocirca
772 3624 1023 3690 universitatem
1034 3641 1113 3687 ves-

313 3726 400 3788 tram
429 3738 601 3785 monemus
630 3736 690 3798 per
717 3721 838 3783 iterata
865 3721 959 3787 robis
987 3721 1111 3799 scripta

313 3820 539 3901 praecipiendo
553 3819 759 3891 mandantes,
776 3819 938 3897 quatenus
953 3835 1020 3881 non
1033 3818 1113 3881 obs-

314 3920 407 3981 tante
432 3914 864 3991 indulgentia'memorata,
894 3931 993 3993 quam
1026 3916 1112 3977 allas

314 4015 410 4080 vobis
424 4014 577 4079 volumus
592 4028 666 4073 esse
681 4012 819 4084 saluam,
834 4014 1112 4090 praenominatum

315 4114 475 4176 clericum
497 4110 531 4171 in
556 4110 692 4171 fratrem
713 4110 746 4171 et
764 4110 962 4171 canonicum
986 4110 1111 4171 admit-

314 4211 406 4282 tatis,
429 4210 546 4271 nuntio
572 4224 632 4269 suo
655 4207 803 4284 ejusdem
827 4206 940 4269 clerici
963 4208 1110 4280 nomine,

317 4308 450 4371 stallum
469 4309 505 4367 in
522 4306 636 4379 choro,
652 4308 685 4367 et
700 4306 808 4366 locum
828 4306 864 4365 in
886 4304 1031 4381 capitulo
1055 4322 1113 4366 as-

1502 468 1627 556 LXIX

1166 621 1218 678 Ad
1230 619 1386 680 abbatam
1399 619 1433 680 ct
1447 619 1652 680 coercentem
1663 620 1782 681 selecti
1795 623 1965 695 Amatoria·

1474 716 1651 778 Maiensis.

1440 845 1591 918 ljanuarii
1607 847 1686 905 1226.

1307 969 1475 1037 [Tabooitlot
1489 969 1554 1023 illst.
1567 970 1598 1020 da
1608 971 1682 1029 bleta,
1695 971 1738 1030 lll,
1755 971 1822 1036 lea]

1299 1102 1447 1172 meddam
1459 1111 1596 1164 staurium
1611 1105 1654 1163 eis
1668 1105 1826 1163 confirmat.

1206 1247 1373 1307 Honorius
1382 1249 1567 1324 episcopus,
1581 1265 1698 1310 servus
1707 1266 1879 1311 servorum
1889 1251 1960 1323 Dei,

1167 1343 1295 1404 dilectis
1310 1344 1389 1404 filiis
1404 1344 1515 1406 abbati
1528 1349 1562 1406 et
1576 1349 1755 1408 conventui
1771 1347 1884 1408 Sancti
1898 1352 1964 1409 Ar-

1167 1441 1284 1516 nulpbi
1310 1443 1480 1515 MetensIs,
1507 1443 1708 1511 salutemet
1738 1443 1962 1520 Apostolicam

1166 1537 1441 1599 benedictionem.

1207 1635 1292 1706 Quia
1313 1635 1554 1712 providendum
1574 1639 1625 1699 est
1647 1637 1800 1700 ecclesiis
1821 1638 1863 1698 de
1884 1653 1963 1714 per-

1167 1731 1271 1803 sonis,
1295 1748 1355 1809 per
1373 1749 1455 1809 quas
1475 1736 1543 1794 Deo
1566 1735 1602 1795 in
1622 1734 1744 1794 divinis
1763 1734 1881 1795 officiis
1903 1750 1963 1810 per

1168 1829 1414 1891 ecclesiasticos
1442 1831 1576 1891 ordines
1609 1846 1755 1905 congrue
1783 1831 1960 1903 serviatur,

1167 1926 1407 1989 deliberatione
1426 1928 1565 2006 provida
1584 1927 1757 2000 statuistis,
1781 1929 1818 1989 ut
1838 1927 1959 2000 dicitis,

1167 2026 1204 2086 ut
1217 2041 1303 2095 cum,
1323 2041 1384 2101 per
1399 2026 1651 2102 impressionem
1667 2025 1832 2097 laicalem,
1849 2025 1961 2101 plures

1166 2121 1271 2181 laicos
1286 2120 1321 2180 in
1337 2122 1539 2181 monasterio
1560 2124 1673 2182 vestro
1692 2122 1886 2198 reciperetis
1909 2122 1963 2182 in-

1167 2217 1237 2289 viti,
1259 2216 1342 2277 nulli
1366 2217 1406 2277 de
1428 2218 1548 2277 caetero
1570 2218 1604 2277 in
1619 2218 1757 2278 tonsura
1771 2216 1825 2278 vel
1844 2217 1962 2279 babitu

1166 2314 1280 2374 laicali
1292 2313 1499 2394 recipiantur
1509 2312 1646 2388 ibidem;
1660 2330 1722 2374 nec
1731 2313 1821 2374 inira
1831 2330 1963 2376 monas·

1165 2410 1297 2483 terium,
1310 2411 1364 2472 vel
1380 2411 1486 2482 extra,
1506 2411 1629 2472 talibus
1649 2412 1881 2473 ministrentur
1894 2413 1960 2473 sti-

1166 2508 1287 2586 pendia
1298 2509 1548 2570 monachorum.
1560 2510 1629 2570 Nos
1639 2509 1744 2584 igitur
1753 2510 1874 2570 vestris
1887 2526 1962 2585 sup·

1166 2605 1401 2682 plicationibus
1412 2605 1576 2678 inclinati,
1590 2605 1677 2682 quod
1687 2621 1707 2665 a
1717 2604 1813 2666 robis
1823 2604 1960 2682 provide

1166 2717 1205 2762 ac
1219 2702 1347 2764 utiliter
1361 2702 1484 2763 iactum
1504 2702 1565 2774 est,
1582 2702 1618 2762 in
1639 2702 1702 2762 bac
1722 2704 1826 2777 parte,
1846 2703 1963 2763 aucto·

1166 2799 1265 2860 ritate
1279 2800 1469 2877 Apostolica
1480 2799 1725 2871 confirmamus,
1742 2802 1776 2861 et
1787 2798 1961 2875 praesentis

1166 2898 1283 2973 scripti
1297 2897 1483 2974 patrocinio
1498 2898 1752 2958 communimus.
1769 2897 1861 2956 Nulli
1880 2911 1961 2971 ergo

1165 2994 1300 3054 omnino
1313 2994 1485 3054 bominum
1498 2993 1598 3053 liceat
1610 2994 1697 3053 hanc
1711 2992 1867 3068 paginam
1881 3008 1963 3053 nos-

1165 3091 1225 3151 trae
1247 3088 1509 3150 confirmationis
1529 3087 1723 3164 intringere,
1745 3088 1799 3149 vel
1821 3089 1853 3150 ei
1875 3105 1961 3150 ausu

1164 3187 1342 3249 temerario
1356 3185 1535 3248 contraire.
1553 3186 1588 3248 Si
1608 3187 1682 3264 quis
1700 3186 1812 3248 autem
1827 3186 1889 3248 boc
1904 3188 1959 3249 at-

1166 3285 1293 3347 tentare
1317 3286 1577 3363 praesumpserit,
1604 3284 1867 3360 indignationem
1889 3302 1962 3346 om-

1165 3383 1344 3460 nipotentis
1369 3384 1430 3449 Dei
1453 3385 1487 3445 et
1506 3383 1679 3445 beatorum
1698 3383 1789 3443 Petri
1810 3383 1843 3444 et
1863 3383 1961 3443 Pauli

1164 3481 1397 3558 Apostolorum
1421 3484 1493 3558 ejus
1514 3495 1551 3541 sc
1579 3480 1710 3541 noverit
1735 3479 1959 3541 incursurum.

1165 3581 1284 3639 Datum
1310 3580 1425 3651 Reate,
1453 3580 1513 3640 Vll
1538 3578 1613 3638 idus
1634 3576 1795 3655 januarii,
1822 3576 1960 3655 pontifl-

1166 3677 1259 3738 catus
1274 3677 1381 3738 nostri
1395 3691 1483 3738 anno
1498 3676 1638 3738 decimo.

1495 3924 1634 4021 LXXX

1217 4080 1270 4141 Ad
1286 4082 1464 4154 Huponem
1479 4080 1520 4137 da
1533 4078 1726 4147 chtataco,
1743 4076 1911 4137 Marobtae

1476 4175 1648 4236 comitem.

1435 4306 1453 4361 8
1469 4304 1594 4376 januarii
1614 4302 1693 4359 1226.

316 4405 505 4483 signando:
531 4402 688 4479 Alioquin
707 4402 837 4463 dilectis
860 4402 976 4463 illlis...
999 4402 1134 4487 abbati*
1184 4420 1944 4494 [pouqup’fflc.desffisthpffipppffi1103031„flh‚x,

317 4504 448 4566 Sanctae
479 4498 665 4571 Genoveiae,
694 4498 726 4561 et
754 4498 989 4562 archidiacono
1014 4502 1113 4562 Parl—
1487 4496 1561 4560 epist.
1580 4496 1646 4560 lca]

316 4595 803 4673 siensi,etMattl1aeoJobanni
821 4595 970 4674 Elperini
988 4600 1112 4661 Belua·
1166 4607 1307 4678 Querento
1318 4604 1477 4677 bogiorum
1493 4618 1561 4675 rege
1578 4617 1594 4659 a
1609 4602 1744 4659 fidelitate
1756 4602 1810 4659 sibi
1823 4600 1917 4667 debita
1933 4609 1962 4659 et

317 4699 410 4761 censi
434 4696 605 4771 canonico,
627 4694 777 4754 Parisius
797 4694 1026 4767 commoranti,
1050 4713 1112 4761 nos
1202 4690 1871 4765 1001010101001110110800010001011011100,
1887 4692 1960 4746 llar-

315 4794 478 4859 noveritis
493 4808 553 4871 per
568 4792 700 4852 nostras
718 4790 847 4851 litteras
862 4791 1060 4868 injunxisse,
1077 4794 1113 4855 ut
1202 4781 1274 4838 0¹¹³ae
1296 4782 1440 4849 comitem,
1463 4795 1530 4837 ⁰⁰¹1]
1551 4780 1686 4837 pictavie
1707 4778 1863 4836 b³r0⁰¹b¹1⁸
1887 4778 1961 4848 aliis,

312 4909 372 4957 vos
384 4892 424 4953 ad
437 4892 470 4952 id
486 4906 546 4971 per
558 4904 733 4951 censuram
751 4889 1023 4961 ecclesiasticam,
1038 4890 1113 4950 sub·
1201 4870 1314 4969 9⁰¹³le
1329 4870 1472 4971 119101Ῑῦ8
1486 4868 1522 4969 ld
1536 4870 1700 4941 H⁰d⁰¹¹⁰flb
1718 4868 1876 4941 obiurgans
1894 4880 1960 4945 1³⁰²·

315 4992 383 5052 lato
406 4988 583 5071 cujuslibet
606 4986 877 5048 contradictionis
902 4988 935 5048 et
957 4988 1111 5065 appella·
1199 4959 1316 5031 lunum’
1331 4964 1650 5030 m¹⁰⁸⁸q⁰⁰¹⁰¹⁰⁰¹⁸⁰⁸·

316 5086 418 5149 tionis
453 5084 700 5161 impedimento,
737 5082 947 5160 compellant.
993 5086 1112 5146 Datum
1206 5084 1373 5147 Honorius
1389 5082 1752 5162 episcopus...,dilecto
1770 5081 1839 5141 lilio
1857 5078 1963 5142 nobili

315 5184 431 5256 Reate,
446 5184 505 5244 Vll
520 5182 594 5242 idus
606 5182 769 5259 januarii,
786 5196 874 5242 anno
890 5181 1030 5243 decimo.
1166 5184 1239 5245 viro
1252 5181 1365 5244 comiti
1379 5181 1538 5243 Marchiae
1555 5179 1614 5261 (1),
1632 5180 1783 5252 salutem,
1797 5181 1861 5240 etc.

356 5282 427 5343 Illis
452 5279 611 5356 scriptum
634 5282 684 5340 est
707 5281 744 5340 tn
773 5282 930 5341 cumdem
957 5282 1109 5353 modeim,
1206 5275 1964 5356 Fidelitatisuiuculumquovassallustenetur

316 5378 427 5443 verbis
453 5377 678 5453 competenter
700 5377 846 5449 mutatis
873 5376 909 5438 ut
933 5392 989 5441 eos
1011 5377 1052 5439 ad
1075 5379 1110 5439 id
1167 5378 1310 5451 domiuo,
1334 5380 1385 5439 est
1408 5378 1490 5439 adeo
1515 5375 1646 5438 celebre
1670 5374 1757 5452 apud
1780 5388 1905 5447 omnes,
1928 5373 1965 5433 ut

316 5474 515 5555 compellere
530 5472 682 5536 debeant.
1166 5477 1267 5538 etiam
1276 5470 1829 5553 religioneJurameniiquavallarl
1839 5468 1964 5531 assolet
2050 5460 2055 5469 ’

350 5608 391 5684 (1)
407 5606 490 5681 Apud
506 5606 620 5679 liyuier,
639 5618 788 5678 perperam
812 5605 949 5679 scriptum
970 5608 1111 5679 deotfrido
1129 5610 1162 5672 da
1181 5609 1343 5667 beriniaco.
1426 5696 1430 5702 .
