4217 6400
915 305 1091 368 HONORII
1112 307 1157 367 ΙΙΙ
1179 307 1327 370 OPERA·
1878 361 1880 363 .
1901 313 1943 373 lo

668 473 731 559 GV

360 613 411 670 Ad
429 611 679 672 incunctantem
694 614 735 672 dc
756 611 1025 688 neptorttnpen.

560 741 593 800 27
608 740 740 799 februarii
757 743 836 800 1226.

530 856 653 920 [llonum.
665 856 749 914 boica,
762 858 794 915 V,
806 855 874 920 162]

298 969 369 1031 Illud
384 971 586 1028 monasterium
603 969 656 1027 sub
670 969 744 1028 beati
765 971 840 1028 Petri
857 977 885 1028 et
905 985 957 1028 suo
976 978 1088 1044 protec-

332 1061 409 1118 tione
436 1060 554 1132 suscipit
585 1067 668 1130 atque
694 1059 878 1118 donationem
906 1061 1037 1118 ecclesie
1061 1061 1091 1117 in

331 1147 553 1207 l'untenbausen
568 1149 595 1204 ei
610 1147 769 1205 confirmat.

336 1275 502 1335 Honorius
511 1275 696 1353 episcopus,
707 1293 823 1338 servus
836 1290 1007 1336 servorum
1016 1275 1086 1347 Dei,

295 1371 424 1432 dilectis
438 1371 515 1431 liliis
529 1374 705 1450 praeposito
721 1376 754 1435 et
769 1373 945 1435 conventui
960 1387 1090 1432 monas-

293 1469 372 1531 terii
385 1468 425 1528 de
440 1469 696 1545 Beybartingen,
714 1471 854 1532 salutem
870 1471 903 1532 et
918 1469 1089 1545 Apostoli-

295 1565 655 1626 cambenedictionem.

335 1665 554 1726 Sacrosancta
580 1668 728 1726 Romana
745 1665 892 1728 Ecclesia
907 1664 1042 1726 devotos
1057 1665 1090 1724 et

294 1760 438 1822 humiles
465 1761 551 1822 lilios
576 1777 619 1822 ex
646 1765 788 1824 assuetae
815 1763 949 1838 pietatis
978 1761 1089 1822 officio

294 1857 491 1934 propensius
514 1857 653 1934 diligere
668 1860 849 1929 consuevit,
865 1859 898 1918 et
913 1873 954 1918 ne
967 1871 1090 1934 pravo·

292 1971 367 2016 rum
383 1955 554 2016 hominum
569 1955 730 2016 molestiis
746 1955 923 2030 agitentur,
941 1971 997 2015 eos
1013 1955 1090 2015 tan-

293 2068 391 2129 quam
404 2052 459 2129 pia
475 2053 581 2113 mater
591 2068 661 2113 suae
672 2052 888 2129 protectionis
904 2051 1088 2111 munimine

293 2149 480 2212 contovere.
491 2149 684 2225 Eapropter,
697 2149 809 2209 dilecti
819 2148 855 2208 in
866 2148 1005 2209 Domino
1014 2147 1086 2219 tilii,

292 2247 414 2308 vestris
425 2246 526 2323 justis
551 2245 831 2321 postulationibus
846 2246 941 2320 grato
955 2260 1089 2305 concur-

292 2343 404 2404 rentes
424 2359 575 2414 assensu,
597 2357 756 2419 personas
778 2343 907 2403 vestras
920 2341 952 2402 et
966 2341 1085 2413 locum,

293 2441 404 2518 inquo
420 2440 533 2501 diuino
545 2441 626 2502 ostis
639 2439 796 2518 obsequio
807 2438 998 2515 mancipati,
1014 2454 1088 2499 cum

294 2538 446 2599 omnibus
461 2537 567 2609 bonis,
581 2554 653 2615 quae
670 2538 966 2615 inpraesentiarum
979 2535 1087 2597 ratio-

292 2635 450 2696 nabiliter
461 2635 618 2713 possidet,
636 2637 735 2696 autin
749 2635 894 2697 futurum
903 2635 1003 2713 Justis
1015 2649 1090 2695 mo-

293 2734 345 2794 dis
359 2734 539 2810 praestante
556 2733 696 2794 Domino
715 2734 837 2809 poterit
851 2733 1002 2810 adipisci,
1026 2730 1088 2794 sub

292 2831 381 2892 beati
396 2831 486 2892 Petri
493 2833 526 2892 et
534 2831 646 2893 nostra
659 2830 862 2906 protectione
875 2831 1094 2907 suscipimus·

294 2928 490 3006 Speeialiter
515 2929 625 2988 autem
654 2927 830 2989 ecclesiam
865 2928 905 2990 de
935 2931 1086 2989 'innten-

292 3027 433 3096 bausen‚
470 3041 568 3101 quam
601 3025 802 3086 venerabilis
839 3025 942 3087 trater
975 3027 1089 3088 noster

294 3121 519 3199 Frisingensis
542 3123 715 3199 episcopus
744 3122 785 3183 ad
812 3122 1087 3184 sustentationem

292 3220 1087 3299 vestram,capitulisuiaccedenteconsensu,pia

292 3319 387 3380 vobis
403 3317 603 3379 liberalitate
623 3317 772 3389 contulit,
801 3318 888 3380 siout
901 3333 974 3379 eam
983 3320 1085 3395 juste,

293 3415 454 3478 canonice
469 3432 508 3476 ac
523 3414 660 3491 pacifice
674 3414 840 3487 obtinetis,
862 3415 895 3477 ot
916 3416 950 3475 in
966 3416 1087 3477 litteris

292 3512 397 3589 ipsius
424 3512 570 3589 episcopi
596 3512 727 3587 plenius
756 3512 879 3573 dicitur
910 3512 1086 3580 contineri,

292 3608 386 3673 robis
401 3612 434 3671 et
447 3625 507 3686 per
520 3625 580 3670 vos
598 3609 800 3670 monasterio
815 3611 926 3671 vestro
946 3610 1089 3671 auotori-

292 3709 360 3769 tate
386 3707 574 3784 Apostolica
604 3706 837 3767 confirmamus
860 3706 892 3767 et
914 3708 1088 3783 praesentis

293 3804 408 3881 scripti
422 3803 607 3881 patrocinio
631 3804 883 3865 communimus.
901 3804 993 3865 Nulli
1008 3819 1088 3879 ergo

293 3902 429 3963 omnino
443 3900 615 3960 hominum
630 3898 730 3959 liceat
743 3900 829 3959 banc
843 3900 999 3977 paginam
1013 3916 1090 3961 nos·

293 4001 354 4061 trae
377 3997 590 4074 protectionis
617 3996 649 4057 ot
675 3995 937 4057 confirmationis
963 3998 1087 4059 inirin-

294 4112 385 4173 gere,
404 4095 457 4155 uol
482 4094 513 4155 ei
535 4110 619 4155 ausu
647 4094 822 4155 temerario
849 4094 1026 4157 contraire.
1054 4097 1090 4156 Si

294 4194 369 4272 qrris
384 4194 494 4253 autem
508 4192 571 4252 hoc
586 4192 749 4253 attentare
761 4192 1022 4269 praesumpserit,
1036 4192 1090 4252 in-

212 4318 224 4335 s
295 4290 520 4367 dignationem
535 4288 768 4364 omnipotentis
783 4289 854 4361 Dei,
873 4291 906 4350 et
918 4288 1089 4351 beatorum

295 4389 387 4449 Petri
407 4387 440 4449 et
451 4384 548 4447 Pauli
563 4384 787 4460 apostolorum
803 4388 887 4462 ejus,
910 4403 946 4447 se
959 4388 1090 4449 noverit

293 4486 520 4545 incursurum.
544 4484 663 4543 Datum
686 4481 852 4553 Laterani,
870 4484 915 4543 ill
928 4482 1089 4546 kalendas

297 4582 420 4653 martii,
439 4579 647 4657 pontificatus
660 4578 765 4639 nostri
780 4594 868 4641 anno
884 4579 1038 4643 decimo·

653 4799 738 4886 cvi

318 4956 370 5015 Ad
397 4952 589 5014 Hebraeum
620 4950 775 5012 abactam
797 4953 1002 5013 moamtertt
1030 4954 1071 5013 de

437 5048 633 5108 Ettcnbetm
656 5050 796 5121 ejusque
816 5050 959 5122 fratres.

555 5166 589 5225 27
608 5166 740 5227 februarii
756 5169 834 5226 1226.

415 5290 592 5355 [Wurdtweim
607 5292 677 5341 Nora
689 5290 811 5350 subsidia,
829 5290 977 5357 11111282]

299 5398 500 5459 ltlonesterium
516 5397 552 5454 de
562 5398 724 5456 Ettenboim
740 5398 946 5471 protectionem
960 5400 1090 5472 suscipit,

471 5485 656 5559 ejusdemque
673 5486 747 5543 bona
760 5486 919 5544 confirmat.

339 5604 505 5666 Honorius
514 5603 698 5681 episcopus,
708 5617 825 5663 servus
836 5618 1007 5665 seruorum
1018 5604 1088 5677 Dei,

1147 463 1276 527 dilectis
1295 465 1373 527 tiliis
1386 466 1546 538 ilenrico,
1562 466 1675 530 abbati
1691 467 1889 530 monasterii
1900 467 1943 532 de

1147 561 1343 634 Ettenbeim,
1364 566 1502 640 ejusque
1525 563 1685 626 fratribus
1704 567 1773 626 tam
1787 581 1940 642 praesen-

1145 658 1233 719 tibus
1257 675 1356 736 quam
1375 660 1508 733 futuris,
1533 662 1722 736 regularem
1743 663 1847 723 vitam
1861 679 1941 740 pro-

1146 756 1244 816 fessis
1255 757 1292 816 in
1306 760 1513 834 perpetuum.

1181 855 1384 929 Religiosam
1395 857 1497 916 uitam
1506 855 1706 931 eligentibus
1714 856 1941 933 apostolicum

1145 952 1301 1012 conuenit
1318 952 1436 1013 adesse
1456 953 1715 1029 praesidiumue
1729 953 1943 1031 fortocujus·

1143 1046 1225 1108 libet
1244 1050 1443 1111 temeritatis
1468 1050 1625 1110 incursus
1648 1053 1707 1111 aut
1735 1066 1792 1112 eos
1813 1066 1835 1110 a
1856 1067 1940 1128 pro-

1144 1145 1251 1220 posito
1271 1148 1397 1216 auocet,
1410 1149 1469 1208 aut
1486 1146 1600 1216 robur,
1616 1146 1705 1222 quod
1722 1146 1820 1218 absit,
1835 1163 1941 1209 sacrae

1143 1241 1317 1316 religionis
1344 1242 1516 1318 infringat.
1543 1245 1738 1320 Eapropter,
1768 1243 1881 1304 dilecti
1905 1245 1941 1304 in

1144 1340 1283 1399 Domino
1305 1340 1378 1410 tilii,
1397 1340 1518 1401 uestris
1536 1341 1637 1418 justis
1661 1340 1940 1416 postulationibus

1143 1436 1324 1497 clementer
1339 1438 1516 1497 annuimus
1532 1439 1565 1498 et
1585 1437 1760 1513 praetatum
1777 1441 1943 1499 monaste·

1143 1533 1230 1592 rium
1250 1535 1381 1594 Sanctae
1394 1535 1453 1594 Dei
1466 1534 1645 1595 Genitricis
1658 1534 1808 1610 Virginis
1823 1536 1940 1596 Mariae

1143 1629 1179 1690 in
1194 1630 1391 1702 Ettenlreim,
1407 1631 1443 1691 in
1457 1647 1523 1708 quo
1537 1631 1650 1693 diuino
1661 1632 1842 1710 mancipati
1856 1633 1939 1694 estis

1143 1725 1312 1803 obsequio,
1335 1727 1395 1788 sub
1420 1728 1508 1788 beati
1526 1729 1617 1790 Petri
1631 1730 1665 1790 et
1679 1730 1792 1789 nostro
1807 1731 1941 1804 proteo·

1143 1824 1233 1884 tione
1248 1825 1459 1901 suscipimus,
1477 1826 1509 1886 et
1521 1824 1695 1900 praesentis
1712 1827 1827 1902 scripti
1839 1827 1941 1902 priui-

1143 1921 1230 1996 legio
1246 1924 1499 1995 communimus,
1516 1923 1551 1983 in
1565 1924 1680 1998 primis
1694 1924 1857 2000 siquidem
1869 1927 1942 1985 sta-

1143 2019 1273 2079 tuentes
1289 2020 1326 2080 ut
1347 2020 1427 2080 ordo
1448 2021 1665 2093 monasticus,
1681 2020 1737 2095 qui
1756 2019 1938 2080 secundum

1143 2117 1246 2175 Deum
1260 2114 1294 2175 et
1307 2114 1396 2175 beati
1412 2116 1582 2177 Benedicti
1601 2117 1752 2191 regulam
1766 2117 1802 2176 in
1823 2117 1939 2178 eodem

1142 2211 1345 2273 monasterio
1362 2213 1533 2274 institutus
1551 2229 1625 2274 esse
1635 2213 1852 2290 dignoscitur,
1866 2230 1949 2291 par··

1143 2309 1250 2384 petuis
1263 2308 1385 2370 ibidem
1400 2310 1604 2387 temporibus
1620 2310 1860 2372 inviolabiliter
1873 2312 1938 2372 ob-

1143 2406 1305 2467 servetur.
1322 2406 1489 2468 Praeterea
1506 2423 1731 2485 quascumque
1750 2409 1937 2484 possessio-

1143 2517 1214 2572 nes,
1239 2518 1455 2580 quaecumque
1472 2502 1559 2564 bona
1590 2503 1678 2564 idem
1701 2506 1938 2567 monasterium

1142 2600 1177 2659 in
1190 2602 1541 2677 praesentiarumjuste
1553 2616 1593 2662 ac
1607 2603 1768 2663 canonice
1779 2603 1935 2679 possidet,

1142 2697 1249 2758 autin
1264 2697 1411 2759 futurum
1426 2699 1642 2759 concessione
1657 2699 1860 2776 pontificum,
1873 2700 1938 2761 lar·

1141 2794 1268 2871 gittone
1276 2810 1391 2871 regum
1402 2797 1454 2856 rel
1469 2795 1844 2872 principum,0blatione
1855 2798 1939 2858 lide-

1142 2893 1224 2954 lium
1246 2909 1305 2953 seu
1320 2893 1398 2953 aliis
1416 2894 1517 2968 justis
1531 2894 1650 2965 modis,
1671 2896 1850 2969 praestante
1870 2898 1939 2956 Do-

1142 2990 1938 3071 mino,poteritadipisci,tirmauobisuestrisque

1142 3087 1391 3149 successoribus
1404 3086 1573 3149 etillibata
1581 3091 1808 3163 permaneant.
1819 3093 1856 3151 In
1867 3090 1939 3167 qui·

1141 3185 1289 3247 1661666
1314 3185 1458 3263 propriis
1474 3184 1630 3247 duximus
1643 3187 1860 3263 exprimenda
1876 3203 1938 3248 uo-

1142 3282 1270 3343 cabulis
1288 3305 1295 3343 :
1312 3285 1433 3345 Locum
1448 3284 1557 3361 ipsum
1568 3286 1604 3347 in
1615 3301 1678 3361 quo
1689 3285 1862 3361 praefatum
1871 3300 1939 3345 mo·

1142 3381 1325 3441 nasterium
1340 3381 1440 3442 situm
1457 3384 1508 3443 est
1518 3398 1592 3443 cum
1605 3380 1757 3442 omnibus
1772 3382 1941 3455 pertinen·

1141 3477 1198 3537 tiis
1213 3478 1298 3553 suis3
1322 3478 1449 3539 curiam
1472 3477 1670 3538 dominicam
1697 3476 1823 3536 circum
1846 3476 1941 3554 adja-

1142 3576 1270 3636 centem
1305 3574 1412 3635 eidem
1442 3573 1644 3635 monasterio
1671 3589 1747 3633 cum
1780 3572 1938 3635 omnibus

1142 3672 1354 3747 pertinentiis
1369 3672 1460 3743 suis;
1484 3670 1525 3731 (16
1539 3669 1709 3741 Derlebac,
1723 3670 1764 3730 de
1775 3670 1856 3731 uilla
1870 3685 1939 3733 mo-

1143 3767 1337 3839 nachorum,
1368 3768 1408 3829 de
1435 3768 1626 3839 Ettinbeim‚
1657 3767 1697 3828 de
1720 3768 1870 3839 Rustein,
1897 3767 1937 3829 de

1143 3865 1349 3940 Ringsbeim,
1366 3864 1407 3925 (16
1426 3863 1575 3926 Rubiaco
1589 3867 1622 3925 et
1642 3864 1683 3925 (16
1703 3863 1869 3925 Stozheim
1884 3880 1939 3925 cu·

1142 3962 1211 4022 rias
1229 3962 1414 4022 dominicas
1429 3977 1502 4023 cum
1519 3961 1731 4032 molendinis,
1747 3961 1938 4037 piscationi·

1142 4059 1204 4119 bus
1219 4060 1252 4120 et
1266 4058 1417 4119 omnibus
1439 4059 1651 4136 pertinentiis
1670 4058 1876 4133 earumdem3
1896 4057 1937 4119 (16

1142 4156 1306 4230 Burbaob‚
1317 4156 1357 4217 de
1369 4156 1521 4228 Valberc,
1535 4157 1576 4217 ds
1588 4155 1795 4231 Kencingen,
1809 4154 1938 4217 (16161-

1144 4254 1251 4313 cbeim
1267 4255 1300 4315 et
1313 4253 1355 4313 (16
1372 4253 1592 4313 Lunichbeim
1604 4252 1843 4327 possessiones,
1860 4266 1936 4313 cum

1144 4350 1298 4410 omnibus
1320 4350 1532 4425 pertinentiis
1558 4348 1765 4423 earumdem3
1785 4349 1826 4411 de
1853 4351 1938 4408 Tus-

1143 4446 1233 4518 uolt,
1264 4446 1304 4507 de
1332 4445 1575 4516 Herbotsbeim,
1601 4444 1642 4505 (16
1661 4446 1876 4517 Hosswilere‚
1897 4444 1938 4504 (16

1144 4542 1378 4619 Kippenheim,
1400 4542 1440 4601 de
1459 4541 1700 4616 Tundelingen,
1722 4542 1763 4603 (16
1787 4542 1939 4603 Friesen·

1144 4638 1244 4710 heim,
1274 4638 1315 4699 (16
1344 4638 1528 4711 Otenheim,
1561 4638 1601 4699 (16
1633 4638 1861 4715 schopfheim,
1896 4638 1938 4699 (16

1145 4734 1374 4804 Rucbelbeim,
1404 4736 1446 4796 (16
1472 4735 1673 4810 ongersbac,
1698 4736 1739 4795 de
1763 4735 1936 4806 Oterdern,
1990 4806 1996 4815 ,

1145 4832 1382 4905 deWibwilre‚
1406 4832 1447 4893 de
1462 4832 1622 4907 Edingen,
1645 4831 1687 4893 de
1703 4830 1939 4894 Ottmarslneim

1145 4929 1228 4991 etde
1240 4928 1380 4991 Rinawe
1392 4944 1538 5001 mansos,
1553 4944 1629 4989 cum
1641 4928 1794 4990 omnibus
1812 4943 1941 5004 posses-

1145 5026 1295 5087 sionibus
1309 5027 1343 5087 et
1362 5025 1573 5102 pertinentiis
1597 5026 1686 5100 suis;
1712 5022 1888 5087 ecclesiam
1904 5027 1937 5086 S.

1146 5125 1248 5201 Petri,
1268 5124 1366 5185 sitam
1394 5122 1483 5184 inira
1505 5124 1598 5199 septa
1624 5122 1706 5184 dicti
1730 5121 1938 5194 monasterii,

1145 5237 1219 5283 cum
1230 5220 1382 5283 omnibus
1398 5220 1608 5297 pertinentiis
1618 5220 1700 5291 suis,
1717 5221 1750 5279 et
1763 5218 1941 5281 ecclesiam

1145 5318 1180 5378 in
1196 5318 1403 5393 Sweghusen
1422 5332 1498 5378 curn
1510 5316 1648 5377 decimis
1662 5316 1695 5376 et
1711 5315 1938 5392 pertinentiis,

1146 5430 1228 5490 quas
1250 5413 1346 5475 bonae
1374 5413 1543 5475 memoriae
1569 5411 1744 5483 Henricns,
1762 5412 1940 5488 episcopus

1145 5512 1409 5587 argentinensis,
1430 5509 1612 5573 accedente
1635 5508 1772 5585 capituli
1796 5508 1850 5568 sui
1864 5524 1943 5570 oon·

1145 5623 1255 5681 sensu,
1284 5607 1391 5671 eidem
1427 5606 1628 5670 monasterio
1657 5606 1712 5682 pia
1739 5604 1940 5667 liberalitate
