<?xml version="1.0" encoding="UTF-8"?>
<!DOCTYPE html PUBLIC "-//W3C//DTD XHTML 1.0 Transitional//EN"
    "http://www.w3.org/TR/xhtml1/DTD/xhtml1-transitional.dtd">
<html xmlns="http://www.w3.org/1999/xhtml" xml:lang="en" lang="en">
 <head>
  <title>
</title>
<meta http-equiv="Content-Type" content="text/html;charset=utf-8" />
  <meta name='ocr-system' content='tesseract 3.04.00' />
  <meta name='ocr-capabilities' content='ocr_page ocr_carea ocr_par ocr_line ocrx_word'/>
</head>
<body>
  <div class='ocr_page' id='page_1' title='image "./mediiaevibiblio08bottgoog/mediiaevibiblio08bottgoog_0051.png"; bbox 0 0 4217 6400; ppageno 0'>
   <div class='ocr_carea' id='block_1_1' title="bbox 133 291 1779 392">
    <p class='ocr_par' dir='ltr' id='par_1_1' title="bbox 133 291 1779 392">
     <span class='ocr_line' id='line_1_1' title="bbox 133 291 1779 392; baseline 0.001 -36"><span class='ocrx_word' id='word_1_1' title='bbox 133 293 172 356; x_wconf 82' lang='lat' dir='ltr'><strong>ct</strong></span> <span class='ocrx_word' id='word_1_2' title='bbox 269 312 272 318; x_wconf 91' lang='lat'>·</span> <span class='ocrx_word' id='word_1_3' title='bbox 352 373 355 392; x_wconf 19' lang='grc' dir='ltr'>ᾗ</span> <span class='ocrx_word' id='word_1_4' title='bbox 768 291 997 358; x_wconf 78' lang='lat' dir='ltr'><strong>EPISTOLAE.</strong></span> <span class='ocrx_word' id='word_1_5' title='bbox 1020 293 1099 358; x_wconf 85' lang='lat' dir='ltr'><strong>LIB.</strong></span> <span class='ocrx_word' id='word_1_6' title='bbox 1119 294 1171 358; x_wconf 75' lang='lat' dir='ltr'><strong>X..</strong></span> <span class='ocrx_word' id='word_1_7' title='bbox 1737 294 1779 358; x_wconf 76' lang='grc'><strong>62</strong></span> 
     </span>
    </p>
   </div>
   <div class='ocr_carea' id='block_1_2' title="bbox 130 448 1832 1306">
    <p class='ocr_par' dir='ltr' id='par_1_2' title="bbox 130 448 1832 1306">
     <span class='ocr_line' id='line_1_2' title="bbox 130 448 1779 528; baseline 0.002 -18"><span class='ocrx_word' id='word_1_8' title='bbox 130 451 270 512; x_wconf 89' lang='lat' dir='ltr'><strong>vicariis</strong></span> <span class='ocrx_word' id='word_1_9' title='bbox 299 451 340 512; x_wconf 91' lang='lat' dir='ltr'><strong>de</strong></span> <span class='ocrx_word' id='word_1_10' title='bbox 366 451 514 528; x_wconf 89' lang='lat' dir='ltr'><strong>ipsarum</strong></span> <span class='ocrx_word' id='word_1_11' title='bbox 542 448 756 526; x_wconf 80' lang='lat' dir='ltr'><strong>proventibus</strong></span> <span class='ocrx_word' id='word_1_12' title='bbox 780 467 928 527; x_wconf 84' lang='lat' dir='ltr'><strong>congrua</strong></span> <span class='ocrx_word' id='word_1_13' title='bbox 984 452 1142 514; x_wconf 84' lang='lat' dir='ltr'><strong>Ecclesiae</strong></span> <span class='ocrx_word' id='word_1_14' title='bbox 1154 451 1309 515; x_wconf 88' lang='lat' dir='ltr'><strong>cantione</strong></span> <span class='ocrx_word' id='word_1_15' title='bbox 1323 452 1779 516; x_wconf 81' lang='lat' dir='ltr'><strong>sententiamrelaxenteam·</strong></span> 
     </span>
     <span class='ocr_line' id='line_1_3' title="bbox 131 548 1795 627; baseline 0.001 -17"><span class='ocrx_word' id='word_1_16' title='bbox 131 548 295 624; x_wconf 80' lang='lat' dir='ltr'>portione.</span> <span class='ocrx_word' id='word_1_17' title='bbox 311 548 473 608; x_wconf 90' lang='lat' dir='ltr'><strong>Nolumus</strong></span> <span class='ocrx_word' id='word_1_18' title='bbox 485 548 596 610; x_wconf 80' lang='grc'><strong>111111</strong></span> <span class='ocrx_word' id='word_1_19' title='bbox 610 548 695 624; x_wconf 84' lang='lat' dir='ltr'><strong>quod</strong></span> <span class='ocrx_word' id='word_1_20' title='bbox 712 563 771 624; x_wconf 91' lang='lat' dir='ltr'><strong>per</strong></span> <span class='ocrx_word' id='word_1_21' title='bbox 785 549 847 610; x_wconf 91' lang='lat' dir='ltr'><strong>boc</strong></span> <span class='ocrx_word' id='word_1_22' title='bbox 859 549 928 626; x_wconf 80' lang='lat' dir='ltr'><strong>Juri</strong></span> <span class='ocrx_word' id='word_1_23' title='bbox 984 549 1069 620; x_wconf 92' lang='lat' dir='ltr'><strong>dem,</strong></span> <span class='ocrx_word' id='word_1_24' title='bbox 1097 549 1131 609; x_wconf 90' lang='lat' dir='ltr'><strong>et</strong></span> <span class='ocrx_word' id='word_1_25' title='bbox 1154 550 1304 625; x_wconf 89' lang='lat' dir='ltr'><strong>injuncto</strong></span> <span class='ocrx_word' id='word_1_26' title='bbox 1325 551 1385 621; x_wconf 90' lang='lat' dir='ltr'><strong>eis,</strong></span> <span class='ocrx_word' id='word_1_27' title='bbox 1406 550 1492 627; x_wconf 89' lang='lat' dir='ltr'><strong>quod</strong></span> <span class='ocrx_word' id='word_1_28' title='bbox 1514 550 1555 611; x_wconf 92' lang='lat' dir='ltr'><strong>de</strong></span> <span class='ocrx_word' id='word_1_29' title='bbox 1573 552 1650 626; x_wconf 85' lang='lat' dir='ltr'><strong>jnre</strong></span> <span class='ocrx_word' id='word_1_30' title='bbox 1678 550 1795 626; x_wconf 46' lang='lat' dir='ltr'><strong>fuerit,</strong></span> 
     </span>
     <span class='ocr_line' id='line_1_4' title="bbox 131 645 1776 723; baseline 0.003 -19"><span class='ocrx_word' id='word_1_31' title='bbox 131 646 276 721; x_wconf 90' lang='lat' dir='ltr'><strong>alicujus</strong></span> <span class='ocrx_word' id='word_1_32' title='bbox 292 645 521 721; x_wconf 85' lang='lat' dir='ltr'><strong>praejudicium</strong></span> <span class='ocrx_word' id='word_1_33' title='bbox 537 647 724 720; x_wconf 79' lang='lat' dir='ltr'><strong>generetur.</strong></span> <span class='ocrx_word' id='word_1_34' title='bbox 742 646 834 708; x_wconf 85' lang='lat' dir='ltr'>Nulli</span> <span class='ocrx_word' id='word_1_35' title='bbox 849 661 928 721; x_wconf 91' lang='lat' dir='ltr'><strong>ergo</strong></span> <span class='ocrx_word' id='word_1_36' title='bbox 984 645 1234 721; x_wconf 85' lang='lat' dir='ltr'><strong>injungendnm‚</strong></span> <span class='ocrx_word' id='word_1_37' title='bbox 1253 647 1289 706; x_wconf 92' lang='lat' dir='ltr'><strong>in</strong></span> <span class='ocrx_word' id='word_1_38' title='bbox 1310 662 1412 708; x_wconf 87' lang='lat' dir='ltr'><strong>causa</strong></span> <span class='ocrx_word' id='word_1_39' title='bbox 1433 647 1549 708; x_wconf 90' lang='lat' dir='ltr'><strong>eadem</strong></span> <span class='ocrx_word' id='word_1_40' title='bbox 1565 648 1663 723; x_wconf 71' lang='lat' dir='ltr'><strong>juxta</strong></span> <span class='ocrx_word' id='word_1_41' title='bbox 1682 648 1776 709; x_wconf 90' lang='lat' dir='ltr'><strong>litte-</strong></span> 
     </span>
     <span class='ocr_line' id='line_1_5' title="bbox 131 742 1777 820; baseline 0.002 -18"><span class='ocrx_word' id='word_1_42' title='bbox 131 743 269 802; x_wconf 89' lang='lat' dir='ltr'><strong>omnino</strong></span> <span class='ocrx_word' id='word_1_43' title='bbox 303 743 475 802; x_wconf 92' lang='lat' dir='ltr'><strong>hominum</strong></span> <span class='ocrx_word' id='word_1_44' title='bbox 512 742 613 804; x_wconf 89' lang='lat' dir='ltr'><strong>liceat</strong></span> <span class='ocrx_word' id='word_1_45' title='bbox 647 743 734 803; x_wconf 91' lang='lat' dir='ltr'><strong>banc</strong></span> <span class='ocrx_word' id='word_1_46' title='bbox 771 743 928 818; x_wconf 84' lang='lat' dir='ltr'>paginam</span> <span class='ocrx_word' id='word_1_47' title='bbox 983 757 1097 802; x_wconf 90' lang='lat' dir='ltr'><strong>rarum</strong></span> <span class='ocrx_word' id='word_1_48' title='bbox 1121 742 1313 803; x_wconf 91' lang='lat' dir='ltr'><strong>earumdem</strong></span> <span class='ocrx_word' id='word_1_49' title='bbox 1337 745 1526 805; x_wconf 89' lang='lat' dir='ltr'><strong>tenorem...</strong></span> <span class='ocrx_word' id='word_1_50' title='bbox 1547 744 1679 805; x_wconf 89' lang='lat' dir='ltr'><strong>ratione</strong></span> <span class='ocrx_word' id='word_1_51' title='bbox 1694 759 1777 820; x_wconf 88' lang='lat' dir='ltr'><strong>pro·</strong></span> 
     </span>
     <span class='ocr_line' id='line_1_6' title="bbox 131 839 1779 916; baseline 0.001 -16"><span class='ocrx_word' id='word_1_52' title='bbox 131 841 257 901; x_wconf 86' lang='lat' dir='ltr'><strong>nostrae</strong></span> <span class='ocrx_word' id='word_1_53' title='bbox 277 839 502 900; x_wconf 85' lang='lat' dir='ltr'><strong>concessionis</strong></span> <span class='ocrx_word' id='word_1_54' title='bbox 520 840 714 916; x_wconf 82' lang='lat' dir='ltr'><strong>infringere,</strong></span> <span class='ocrx_word' id='word_1_55' title='bbox 728 840 782 900; x_wconf 89' lang='lat' dir='ltr'><strong>vel</strong></span> <span class='ocrx_word' id='word_1_56' title='bbox 798 840 828 899; x_wconf 92' lang='lat' dir='ltr'><strong>ei</strong></span> <span class='ocrx_word' id='word_1_57' title='bbox 844 856 929 900; x_wconf 90' lang='lat' dir='ltr'><strong>ausu</strong></span> <span class='ocrx_word' id='word_1_58' title='bbox 984 839 1114 906; x_wconf 81' lang='lat' dir='ltr'><strong>cedant,</strong></span> <span class='ocrx_word' id='word_1_59' title='bbox 1130 839 1307 910; x_wconf 80' lang='lat' dir='ltr'><strong>etfaciant,</strong></span> <span class='ocrx_word' id='word_1_60' title='bbox 1325 841 1411 916; x_wconf 86' lang='lat' dir='ltr'><strong>quod</strong></span> <span class='ocrx_word' id='word_1_61' title='bbox 1426 839 1644 912; x_wconf 82' lang='lat' dir='ltr'><strong>decreverint,</strong></span> <span class='ocrx_word' id='word_1_62' title='bbox 1661 841 1779 904; x_wconf 88' lang='lat' dir='ltr'><strong>aucto-</strong></span> 
     </span>
     <span class='ocr_line' id='line_1_7' title="bbox 131 935 1779 1012; baseline -0.001 -15"><span class='ocrx_word' id='word_1_63' title='bbox 131 937 311 997; x_wconf 89' lang='lat' dir='ltr'><strong>temerario</strong></span> <span class='ocrx_word' id='word_1_64' title='bbox 324 937 501 997; x_wconf 88' lang='lat' dir='ltr'><strong>contraire.</strong></span> <span class='ocrx_word' id='word_1_65' title='bbox 523 937 558 998; x_wconf 86' lang='lat' dir='ltr'><strong>si</strong></span> <span class='ocrx_word' id='word_1_66' title='bbox 573 938 647 1012; x_wconf 90' lang='lat' dir='ltr'><strong>quis</strong></span> <span class='ocrx_word' id='word_1_67' title='bbox 662 939 771 997; x_wconf 90' lang='lat' dir='ltr'><strong>autem</strong></span> <span class='ocrx_word' id='word_1_68' title='bbox 792 938 855 998; x_wconf 90' lang='lat' dir='ltr'><strong>boc</strong></span> <span class='ocrx_word' id='word_1_69' title='bbox 873 937 927 997; x_wconf 89' lang='lat' dir='ltr'><strong>at·</strong></span> <span class='ocrx_word' id='word_1_70' title='bbox 984 935 1083 996; x_wconf 86' lang='lat' dir='ltr'><strong>ritate</strong></span> <span class='ocrx_word' id='word_1_71' title='bbox 1098 936 1214 996; x_wconf 89' lang='lat' dir='ltr'><strong>nostra</strong></span> <span class='ocrx_word' id='word_1_72' title='bbox 1229 936 1369 997; x_wconf 82' lang='lat' dir='ltr'><strong>tirmiter</strong></span> <span class='ocrx_word' id='word_1_73' title='bbox 1379 936 1559 998; x_wconf 90' lang='lat' dir='ltr'><strong>observari.</strong></span> <span class='ocrx_word' id='word_1_74' title='bbox 1578 937 1708 1008; x_wconf 86' lang='lat' dir='ltr'><strong>Quod...</strong></span> <span class='ocrx_word' id='word_1_75' title='bbox 1724 937 1779 997; x_wconf 89' lang='lat' dir='ltr'><strong>bis</strong></span> 
     </span>
     <span class='ocr_line' id='line_1_8' title="bbox 132 1033 1779 1110; baseline 0.001 -16"><span class='ocrx_word' id='word_1_76' title='bbox 132 1033 263 1094; x_wconf 87' lang='lat' dir='ltr'><strong>tentare</strong></span> <span class='ocrx_word' id='word_1_77' title='bbox 274 1035 533 1109; x_wconf 72' lang='lat' dir='ltr'><strong>praesumpserit,</strong></span> <span class='ocrx_word' id='word_1_78' title='bbox 545 1033 807 1109; x_wconf 83' lang='lat' dir='ltr'><strong>indignationem</strong></span> <span class='ocrx_word' id='word_1_79' title='bbox 821 1036 930 1095; x_wconf 91' lang='lat' dir='ltr'><strong>omni·</strong></span> <span class='ocrx_word' id='word_1_80' title='bbox 985 1033 1244 1108; x_wconf 83' lang='lat' dir='ltr'><strong>exsequendis...</strong></span> <span class='ocrx_word' id='word_1_81' title='bbox 1257 1034 1431 1106; x_wconf 89' lang='lat' dir='ltr'><strong>interesse,</strong></span> <span class='ocrx_word' id='word_1_82' title='bbox 1445 1035 1483 1094; x_wconf 94' lang='lat' dir='ltr'><strong>tu</strong></span> <span class='ocrx_word' id='word_1_83' title='bbox 1503 1034 1606 1097; x_wconf 86' lang='lat' dir='ltr'><strong>irater</strong></span> <span class='ocrx_word' id='word_1_84' title='bbox 1623 1034 1779 1110; x_wconf 89' lang='lat' dir='ltr'><strong>episcope</strong></span> 
     </span>
     <span class='ocr_line' id='line_1_9' title="bbox 135 1130 1776 1208; baseline 0.002 -18"><span class='ocrx_word' id='word_1_85' title='bbox 135 1130 280 1208; x_wconf 90' lang='lat' dir='ltr'><strong>potentis</strong></span> <span class='ocrx_word' id='word_1_86' title='bbox 307 1132 377 1204; x_wconf 89' lang='lat' dir='ltr'><strong>Dei,</strong></span> <span class='ocrx_word' id='word_1_87' title='bbox 403 1133 436 1191; x_wconf 90' lang='lat' dir='ltr'><strong>et</strong></span> <span class='ocrx_word' id='word_1_88' title='bbox 460 1131 631 1194; x_wconf 88' lang='lat' dir='ltr'><strong>beatorum</strong></span> <span class='ocrx_word' id='word_1_89' title='bbox 659 1132 749 1193; x_wconf 91' lang='lat' dir='ltr'><strong>Petri</strong></span> <span class='ocrx_word' id='word_1_90' title='bbox 775 1131 808 1192; x_wconf 93' lang='lat' dir='ltr'><strong>et</strong></span> <span class='ocrx_word' id='word_1_91' title='bbox 833 1131 931 1191; x_wconf 90' lang='lat' dir='ltr'><strong>Pauli</strong></span> <span class='ocrx_word' id='word_1_92' title='bbox 985 1145 1190 1192; x_wconf 89' lang='lat' dir='ltr'><strong>cumeorum</strong></span> <span class='ocrx_word' id='word_1_93' title='bbox 1214 1131 1321 1192; x_wconf 88' lang='lat' dir='ltr'><strong>altero</strong></span> <span class='ocrx_word' id='word_1_94' title='bbox 1343 1145 1418 1192; x_wconf 90' lang='lat' dir='ltr'><strong>eam</strong></span> <span class='ocrx_word' id='word_1_95' title='bbox 1437 1130 1653 1192; x_wconf 87' lang='lat' dir='ltr'><strong>nibilominus</strong></span> <span class='ocrx_word' id='word_1_96' title='bbox 1675 1147 1776 1192; x_wconf 81' lang='lat' dir='ltr'><strong>exse-</strong></span> 
     </span>
     <span class='ocr_line' id='line_1_10' title="bbox 134 1226 1832 1306; baseline 0 -18"><span class='ocrx_word' id='word_1_97' title='bbox 134 1228 368 1305; x_wconf 78' lang='lat' dir='ltr'><strong>Apostolorum</strong></span> <span class='ocrx_word' id='word_1_98' title='bbox 391 1231 474 1304; x_wconf 91' lang='lat' dir='ltr'><strong>ejus,</strong></span> <span class='ocrx_word' id='word_1_99' title='bbox 499 1243 534 1288; x_wconf 90' lang='lat' dir='ltr'><strong>se</strong></span> <span class='ocrx_word' id='word_1_100' title='bbox 555 1229 686 1290; x_wconf 85' lang='lat' dir='ltr'><strong>noverit</strong></span> <span class='ocrx_word' id='word_1_101' title='bbox 704 1229 928 1289; x_wconf 91' lang='lat' dir='ltr'><strong>incursurum.</strong></span> <span class='ocrx_word' id='word_1_102' title='bbox 986 1228 1109 1304; x_wconf 82' lang='lat' dir='ltr'><strong>qrraris.</strong></span> <span class='ocrx_word' id='word_1_103' title='bbox 1136 1229 1254 1288; x_wconf 91' lang='lat' dir='ltr'><strong>Datum</strong></span> <span class='ocrx_word' id='word_1_104' title='bbox 1282 1228 1450 1298; x_wconf 87' lang='lat' dir='ltr'><strong>Laterani,</strong></span> <span class='ocrx_word' id='word_1_105' title='bbox 1484 1230 1513 1288; x_wconf 86' lang='lat' dir='ltr'>V</span> <span class='ocrx_word' id='word_1_106' title='bbox 1539 1228 1616 1289; x_wconf 90' lang='lat' dir='ltr'><strong>idus</strong></span> <span class='ocrx_word' id='word_1_107' title='bbox 1647 1226 1776 1306; x_wconf 86' lang='lat' dir='ltr'><strong>aprilis,</strong></span> <span class='ocrx_word' id='word_1_108' title='bbox 1828 1255 1832 1263; x_wconf 89' lang='lat'><em>·</em></span> 
     </span>
    </p>
   </div>
   <div class='ocr_carea' id='block_1_3' title="bbox 134 1324 930 1486">
    <p class='ocr_par' dir='ltr' id='par_1_3' title="bbox 134 1324 930 1486">
     <span class='ocr_line' id='line_1_11' title="bbox 134 1324 930 1402; baseline 0.004 -18"><span class='ocrx_word' id='word_1_109' title='bbox 134 1324 254 1386; x_wconf 91' lang='lat' dir='ltr'><strong>Datum</strong></span> <span class='ocrx_word' id='word_1_110' title='bbox 270 1325 436 1397; x_wconf 84' lang='lat' dir='ltr'><strong>Laterani,</strong></span> <span class='ocrx_word' id='word_1_111' title='bbox 452 1341 559 1386; x_wconf 88' lang='lat' dir='ltr'><strong>nonas</strong></span> <span class='ocrx_word' id='word_1_112' title='bbox 575 1325 703 1402; x_wconf 85' lang='lat' dir='ltr'><strong>aprilis,</strong></span> <span class='ocrx_word' id='word_1_113' title='bbox 720 1324 930 1402; x_wconf 84' lang='lat' dir='ltr'><strong>pontificatus</strong></span> 
     </span>
     <span class='ocr_line' id='line_1_12' title="bbox 137 1423 497 1486; baseline 0.008 -5"><span class='ocrx_word' id='word_1_114' title='bbox 137 1423 245 1486; x_wconf 87' lang='lat' dir='ltr'><strong>nostri</strong></span> <span class='ocrx_word' id='word_1_115' title='bbox 259 1438 347 1484; x_wconf 89' lang='lat' dir='ltr'><strong>anno</strong></span> <span class='ocrx_word' id='word_1_116' title='bbox 359 1423 497 1486; x_wconf 89' lang='lat' dir='ltr'><strong>decima.</strong></span> 
     </span>
    </p>
   </div>
   <div class='ocr_carea' id='block_1_4' title="bbox 456 1671 611 1759">
    <p class='ocr_par' dir='ltr' id='par_1_4' title="bbox 456 1671 611 1759">
     <span class='ocr_line' id='line_1_13' title="bbox 456 1671 611 1759; baseline -0.006 0"><span class='ocrx_word' id='word_1_117' title='bbox 456 1671 611 1759; x_wconf 84' lang='lat' dir='ltr'>CXXVI</span> 
     </span>
    </p>
   </div>
   <div class='ocr_carea' id='block_1_5' title="bbox 134 1822 931 1979">
    <p class='ocr_par' dir='ltr' id='par_1_5' title="bbox 134 1822 931 1979">
     <span class='ocr_line' id='line_1_14' title="bbox 134 1822 931 1896; baseline 0.005 -16"><span class='ocrx_word' id='word_1_118' title='bbox 134 1822 931 1896; x_wconf 62' lang='grc' dir='ltr'><strong>Α11111111111,11111111111111111111</strong></span> 
     </span>
     <span class='ocr_line' id='line_1_15' title="bbox 411 1919 654 1979; baseline 0 -1"><span class='ocrx_word' id='word_1_119' title='bbox 411 1919 654 1979; x_wconf 65' lang='grc'><strong>1111111111.</strong></span> 
     </span>
    </p>
   </div>
   <div class='ocr_carea' id='block_1_6' title="bbox 218 2047 852 2235">
    <p class='ocr_par' dir='ltr' id='par_1_6' title="bbox 218 2047 852 2235">
     <span class='ocr_line' id='line_1_16' title="bbox 418 2047 645 2119; baseline 0.009 -15"><span class='ocrx_word' id='word_1_120' title='bbox 418 2048 436 2104; x_wconf 87' lang='grc'>9</span> <span class='ocrx_word' id='word_1_121' title='bbox 453 2047 551 2119; x_wconf 85' lang='lat' dir='ltr'><strong>aprilis</strong></span> <span class='ocrx_word' id='word_1_122' title='bbox 567 2048 645 2106; x_wconf 77' lang='lat' dir='ltr'><strong>ttae.</strong></span> 
     </span>
     <span class='ocr_line' id='line_1_17' title="bbox 218 2169 852 2235; baseline -0.002 -15"><span class='ocrx_word' id='word_1_123' title='bbox 218 2169 369 2233; x_wconf 87' lang='lat' dir='ltr'><strong>[blittaralli,</strong></span> <span class='ocrx_word' id='word_1_124' title='bbox 384 2169 640 2228; x_wconf 77' lang='grc' dir='ltr'><strong>Α1111,Ο11ι111111.,</strong></span> <span class='ocrx_word' id='word_1_125' title='bbox 652 2171 693 2228; x_wconf 85' lang='lat' dir='ltr'><strong>IV,</strong></span> <span class='ocrx_word' id='word_1_126' title='bbox 708 2185 765 2234; x_wconf 89' lang='lat' dir='ltr'><strong>app.</strong></span> <span class='ocrx_word' id='word_1_127' title='bbox 784 2170 852 2235; x_wconf 76' lang='lat' dir='ltr'><strong>tid]</strong></span> 
     </span>
    </p>
   </div>
   <div class='ocr_carea' id='block_1_7' title="bbox 133 2293 932 2625">
    <p class='ocr_par' dir='ltr' id='par_1_7' title="bbox 133 2293 932 2625">
     <span class='ocr_line' id='line_1_18' title="bbox 133 2293 929 2364; baseline -0.001 -13"><span class='ocrx_word' id='word_1_128' title='bbox 133 2295 183 2351; x_wconf 87' lang='lat' dir='ltr'><strong>Eis</strong></span> <span class='ocrx_word' id='word_1_129' title='bbox 211 2293 328 2351; x_wconf 89' lang='lat' dir='ltr'><strong>mandat</strong></span> <span class='ocrx_word' id='word_1_130' title='bbox 353 2300 384 2350; x_wconf 90' lang='lat' dir='ltr'><strong>ut</strong></span> <span class='ocrx_word' id='word_1_131' title='bbox 409 2296 581 2352; x_wconf 86' lang='lat' dir='ltr'><strong>sententiam</strong></span> <span class='ocrx_word' id='word_1_132' title='bbox 610 2294 929 2364; x_wconf 81' lang='lat' dir='ltr'><strong>excommunicationis,</strong></span> 
     </span>
     <span class='ocr_line' id='line_1_19' title="bbox 171 2381 932 2453; baseline 0.003 -16"><span class='ocrx_word' id='word_1_133' title='bbox 171 2396 258 2453; x_wconf 88' lang='lat' dir='ltr'><strong>quarn</strong></span> <span class='ocrx_word' id='word_1_134' title='bbox 280 2389 378 2445; x_wconf 88' lang='lat' dir='ltr'><strong>contra</strong></span> <span class='ocrx_word' id='word_1_135' title='bbox 403 2381 536 2438; x_wconf 86' lang='lat' dir='ltr'><strong>consutos</strong></span> <span class='ocrx_word' id='word_1_136' title='bbox 560 2389 588 2438; x_wconf 87' lang='lat' dir='ltr'><strong>et</strong></span> <span class='ocrx_word' id='word_1_137' title='bbox 610 2397 764 2439; x_wconf 88' lang='lat' dir='ltr'><strong>commune</strong></span> <span class='ocrx_word' id='word_1_138' title='bbox 786 2383 872 2440; x_wconf 86' lang='lat' dir='ltr'><strong>castri</strong></span> <span class='ocrx_word' id='word_1_139' title='bbox 896 2383 932 2439; x_wconf 88' lang='lat' dir='ltr'><strong>de</strong></span> 
     </span>
     <span class='ocr_line' id='line_1_20' title="bbox 169 2470 930 2543; baseline -0.001 -14"><span class='ocrx_word' id='word_1_140' title='bbox 169 2472 329 2541; x_wconf 81' lang='lat' dir='ltr'><strong>Vergarcto</strong></span> <span class='ocrx_word' id='word_1_141' title='bbox 341 2484 397 2526; x_wconf 91' lang='lat' dir='ltr'><strong>non</strong></span> <span class='ocrx_word' id='word_1_142' title='bbox 413 2470 538 2526; x_wconf 90' lang='lat' dir='ltr'><strong>monitos</strong></span> <span class='ocrx_word' id='word_1_143' title='bbox 550 2471 595 2528; x_wconf 87' lang='lat' dir='ltr'><strong>vel</strong></span> <span class='ocrx_word' id='word_1_144' title='bbox 610 2471 714 2528; x_wconf 89' lang='lat' dir='ltr'><strong>citatos</strong></span> <span class='ocrx_word' id='word_1_145' title='bbox 727 2471 930 2543; x_wconf 85' lang='lat' dir='ltr'><strong>promulgave-</strong></span> 
     </span>
     <span class='ocr_line' id='line_1_21' title="bbox 169 2556 631 2625; baseline -0.002 -12"><span class='ocrx_word' id='word_1_146' title='bbox 169 2565 244 2625; x_wconf 89' lang='lat' dir='ltr'><strong>rant,</strong></span> <span class='ocrx_word' id='word_1_147' title='bbox 256 2556 327 2614; x_wconf 88' lang='lat' dir='ltr'><strong>inlra</strong></span> <span class='ocrx_word' id='word_1_148' title='bbox 341 2564 405 2616; x_wconf 89' lang='lat' dir='ltr'><strong>octo</strong></span> <span class='ocrx_word' id='word_1_149' title='bbox 416 2557 478 2615; x_wconf 88' lang='lat' dir='ltr'><strong>dics</strong></span> <span class='ocrx_word' id='word_1_150' title='bbox 494 2558 631 2616; x_wconf 88' lang='lat' dir='ltr'><strong>relaxent.</strong></span> 
     </span>
    </p>
   </div>
   <div class='ocr_carea' id='block_1_8' title="bbox 134 2683 935 5485">
    <p class='ocr_par' dir='ltr' id='par_1_8' title="bbox 134 2683 931 3132">
     <span class='ocr_line' id='line_1_22' title="bbox 175 2683 929 2760; baseline 0.003 -18"><span class='ocrx_word' id='word_1_151' title='bbox 175 2683 344 2743; x_wconf 87' lang='lat' dir='ltr'><strong>Honorius</strong></span> <span class='ocrx_word' id='word_1_152' title='bbox 355 2684 540 2760; x_wconf 87' lang='lat' dir='ltr'><strong>episcopus,</strong></span> <span class='ocrx_word' id='word_1_153' title='bbox 550 2699 665 2745; x_wconf 90' lang='lat' dir='ltr'><strong>servus</strong></span> <span class='ocrx_word' id='word_1_154' title='bbox 679 2699 850 2744; x_wconf 90' lang='lat' dir='ltr'><strong>servorum</strong></span> <span class='ocrx_word' id='word_1_155' title='bbox 859 2685 929 2756; x_wconf 88' lang='lat' dir='ltr'><strong>Dei,</strong></span> 
     </span>
     <span class='ocr_line' id='line_1_23' title="bbox 134 2779 931 2858; baseline 0 -16"><span class='ocrx_word' id='word_1_156' title='bbox 134 2779 321 2842; x_wconf 89' lang='lat' dir='ltr'><strong>venerabili</strong></span> <span class='ocrx_word' id='word_1_157' title='bbox 360 2781 493 2842; x_wconf 81' lang='lat' dir='ltr'><strong>fratri...</strong></span> <span class='ocrx_word' id='word_1_158' title='bbox 535 2782 689 2858; x_wconf 90' lang='lat' dir='ltr'><strong>episcopo</strong></span> <span class='ocrx_word' id='word_1_159' title='bbox 727 2783 759 2843; x_wconf 92' lang='lat' dir='ltr'><strong>et</strong></span> <span class='ocrx_word' id='word_1_160' title='bbox 801 2781 931 2842; x_wconf 89' lang='lat' dir='ltr'><strong>dilectis</strong></span> 
     </span>
     <span class='ocr_line' id='line_1_24' title="bbox 135 2877 928 2954; baseline 0.004 -18"><span class='ocrx_word' id='word_1_161' title='bbox 135 2877 253 2937; x_wconf 86' lang='lat' dir='ltr'><strong>filiis...</strong></span> <span class='ocrx_word' id='word_1_162' title='bbox 272 2877 489 2954; x_wconf 88' lang='lat' dir='ltr'><strong>praeposito...</strong></span> <span class='ocrx_word' id='word_1_163' title='bbox 505 2877 538 2938; x_wconf 89' lang='lat' dir='ltr'><strong>et</strong></span> <span class='ocrx_word' id='word_1_164' title='bbox 552 2880 591 2938; x_wconf 88' lang='lat' dir='ltr'><strong>R.</strong></span> <span class='ocrx_word' id='word_1_165' title='bbox 606 2878 767 2939; x_wconf 89' lang='lat' dir='ltr'><strong>canonico</strong></span> <span class='ocrx_word' id='word_1_166' title='bbox 793 2879 928 2940; x_wconf 82' lang='lat' dir='ltr'><strong>Faven-</strong></span> 
     </span>
     <span class='ocr_line' id='line_1_25' title="bbox 135 2974 930 3052; baseline 0.004 -18"><span class='ocrx_word' id='word_1_167' title='bbox 135 2974 228 3048; x_wconf 91' lang='lat' dir='ltr'><strong>tinis,</strong></span> <span class='ocrx_word' id='word_1_168' title='bbox 255 2975 395 3036; x_wconf 90' lang='lat' dir='ltr'><strong>salutem</strong></span> <span class='ocrx_word' id='word_1_169' title='bbox 423 2977 455 3036; x_wconf 90' lang='lat' dir='ltr'><strong>et</strong></span> <span class='ocrx_word' id='word_1_170' title='bbox 473 2975 699 3052; x_wconf 86' lang='lat' dir='ltr'><strong>Apostolicam</strong></span> <span class='ocrx_word' id='word_1_171' title='bbox 721 2975 930 3037; x_wconf 89' lang='lat' dir='ltr'><strong>benedictio-</strong></span> 
     </span>
     <span class='ocr_line' id='line_1_26' title="bbox 137 3087 225 3132; baseline -0.023 0"><span class='ocrx_word' id='word_1_172' title='bbox 137 3087 225 3132; x_wconf 89' lang='lat' dir='ltr'><strong>nem.</strong></span> 
     </span>
    </p>

    <p class='ocr_par' dir='ltr' id='par_1_9' title="bbox 135 3168 935 5485">
     <span class='ocr_line' id='line_1_27' title="bbox 177 3168 931 3247; baseline 0.003 -17"><span class='ocrx_word' id='word_1_173' title='bbox 177 3168 335 3230; x_wconf 85' lang='lat' dir='ltr'><strong>Consules</strong></span> <span class='ocrx_word' id='word_1_174' title='bbox 345 3169 377 3230; x_wconf 91' lang='lat' dir='ltr'><strong>et</strong></span> <span class='ocrx_word' id='word_1_175' title='bbox 387 3184 561 3230; x_wconf 91' lang='lat' dir='ltr'><strong>commune</strong></span> <span class='ocrx_word' id='word_1_176' title='bbox 577 3169 678 3233; x_wconf 88' lang='lat' dir='ltr'><strong>castri</strong></span> <span class='ocrx_word' id='word_1_177' title='bbox 694 3169 733 3231; x_wconf 89' lang='lat' dir='ltr'><strong>de</strong></span> <span class='ocrx_word' id='word_1_178' title='bbox 748 3170 931 3247; x_wconf 86' lang='lat' dir='ltr'><strong>Vergareto</strong></span> 
     </span>
     <span class='ocr_line' id='line_1_28' title="bbox 136 3265 931 3345; baseline 0.001 -18"><span class='ocrx_word' id='word_1_179' title='bbox 136 3265 232 3327; x_wconf 88' lang='lat' dir='ltr'><strong>nobis</strong></span> <span class='ocrx_word' id='word_1_180' title='bbox 281 3268 514 3342; x_wconf 86' lang='lat' dir='ltr'><strong>conquerendo</strong></span> <span class='ocrx_word' id='word_1_181' title='bbox 561 3268 798 3341; x_wconf 89' lang='lat' dir='ltr'><strong>monstrarunt,</strong></span> <span class='ocrx_word' id='word_1_182' title='bbox 845 3268 931 3345; x_wconf 86' lang='lat' dir='ltr'><strong>quod</strong></span> 
     </span>
     <span class='ocr_line' id='line_1_29' title="bbox 137 3362 929 3440; baseline 0.003 -17"><span class='ocrx_word' id='word_1_183' title='bbox 137 3379 249 3423; x_wconf 90' lang='lat' dir='ltr'><strong>cum...</strong></span> <span class='ocrx_word' id='word_1_184' title='bbox 289 3362 557 3440; x_wconf 77' lang='lat' dir='ltr'><strong>archipresbyter</strong></span> <span class='ocrx_word' id='word_1_185' title='bbox 594 3363 700 3440; x_wconf 90' lang='lat' dir='ltr'><strong>plebis</strong></span> <span class='ocrx_word' id='word_1_186' title='bbox 730 3365 769 3425; x_wconf 90' lang='lat' dir='ltr'><strong>de</strong></span> <span class='ocrx_word' id='word_1_187' title='bbox 793 3365 929 3437; x_wconf 69' lang='lat' dir='ltr'><strong>Balnea</strong></span> 
     </span>
     <span class='ocr_line' id='line_1_30' title="bbox 136 3460 930 3534; baseline 0.004 -14"><span class='ocrx_word' id='word_1_188' title='bbox 136 3460 310 3521; x_wconf 89' lang='lat' dir='ltr'><strong>Bobiensis</strong></span> <span class='ocrx_word' id='word_1_189' title='bbox 337 3460 503 3534; x_wconf 78' lang='lat' dir='ltr'><strong>dioecesis,</strong></span> <span class='ocrx_word' id='word_1_190' title='bbox 530 3461 570 3521; x_wconf 90' lang='lat' dir='ltr'><strong>ad</strong></span> <span class='ocrx_word' id='word_1_191' title='bbox 595 3477 654 3522; x_wconf 86' lang='lat' dir='ltr'><strong>vos</strong></span> <span class='ocrx_word' id='word_1_192' title='bbox 681 3462 796 3523; x_wconf 90' lang='lat' dir='ltr'><strong>contra</strong></span> <span class='ocrx_word' id='word_1_193' title='bbox 825 3462 930 3523; x_wconf 92' lang='lat' dir='ltr'><strong>abba-</strong></span> 
     </span>
     <span class='ocr_line' id='line_1_31' title="bbox 136 3557 930 3636; baseline 0 -17"><span class='ocrx_word' id='word_1_194' title='bbox 136 3558 241 3619; x_wconf 87' lang='lat' dir='ltr'><strong>tem...</strong></span> <span class='ocrx_word' id='word_1_195' title='bbox 261 3557 301 3618; x_wconf 87' lang='lat' dir='ltr'><strong>de</strong></span> <span class='ocrx_word' id='word_1_196' title='bbox 315 3560 509 3633; x_wconf 89' lang='lat' dir='ltr'><strong>Vergaret0,</strong></span> <span class='ocrx_word' id='word_1_197' title='bbox 527 3560 595 3619; x_wconf 90' lang='lat' dir='ltr'><strong>et...</strong></span> <span class='ocrx_word' id='word_1_198' title='bbox 613 3559 653 3619; x_wconf 91' lang='lat' dir='ltr'><strong>de</strong></span> <span class='ocrx_word' id='word_1_199' title='bbox 677 3560 832 3636; x_wconf 88' lang='lat' dir='ltr'><strong>Trapola,</strong></span> <span class='ocrx_word' id='word_1_200' title='bbox 854 3575 930 3619; x_wconf 88' lang='lat' dir='ltr'><strong>ac...</strong></span> 
     </span>
     <span class='ocr_line' id='line_1_32' title="bbox 137 3653 934 3733; baseline 0.004 -20"><span class='ocrx_word' id='word_1_201' title='bbox 137 3653 178 3714; x_wconf 91' lang='lat' dir='ltr'><strong>de</strong></span> <span class='ocrx_word' id='word_1_202' title='bbox 193 3654 307 3730; x_wconf 83' lang='lat' dir='ltr'><strong>Fajola</strong></span> <span class='ocrx_word' id='word_1_203' title='bbox 324 3656 464 3731; x_wconf 91' lang='lat' dir='ltr'><strong>priores,</strong></span> <span class='ocrx_word' id='word_1_204' title='bbox 477 3656 509 3716; x_wconf 91' lang='lat' dir='ltr'><strong>et</strong></span> <span class='ocrx_word' id='word_1_205' title='bbox 521 3656 680 3733; x_wconf 87' lang='lat' dir='ltr'><strong>quosdam</strong></span> <span class='ocrx_word' id='word_1_206' title='bbox 697 3656 934 3719; x_wconf 88' lang='lat' dir='ltr'><strong>aliosBobien-</strong></span> 
     </span>
     <span class='ocr_line' id='line_1_33' title="bbox 138 3750 932 3831; baseline 0.006 -21"><span class='ocrx_word' id='word_1_207' title='bbox 138 3750 184 3810; x_wconf 89' lang='lat' dir='ltr'><strong>sis</strong></span> <span class='ocrx_word' id='word_1_208' title='bbox 214 3751 368 3811; x_wconf 73' lang='lat' dir='ltr'><strong>dioecesis</strong></span> <span class='ocrx_word' id='word_1_209' title='bbox 394 3768 494 3829; x_wconf 89' lang='lat' dir='ltr'><strong>super</strong></span> <span class='ocrx_word' id='word_1_210' title='bbox 504 3756 581 3829; x_wconf 87' lang='lat' dir='ltr'><strong>jure</strong></span> <span class='ocrx_word' id='word_1_211' title='bbox 608 3754 802 3829; x_wconf 89' lang='lat' dir='ltr'><strong>patronatus</strong></span> <span class='ocrx_word' id='word_1_212' title='bbox 827 3754 932 3831; x_wconf 89' lang='lat' dir='ltr'><strong>plebis</strong></span> 
     </span>
     <span class='ocr_line' id='line_1_34' title="bbox 137 3848 932 3924; baseline 0.006 -17"><span class='ocrx_word' id='word_1_213' title='bbox 137 3848 286 3924; x_wconf 90' lang='lat' dir='ltr'><strong>ejusdem</strong></span> <span class='ocrx_word' id='word_1_214' title='bbox 322 3848 459 3910; x_wconf 87' lang='lat' dir='ltr'><strong>decimis</strong></span> <span class='ocrx_word' id='word_1_215' title='bbox 498 3853 531 3911; x_wconf 92' lang='lat' dir='ltr'><strong>et</strong></span> <span class='ocrx_word' id='word_1_216' title='bbox 569 3850 669 3912; x_wconf 87' lang='lat' dir='ltr'><strong>rebus</strong></span> <span class='ocrx_word' id='word_1_217' title='bbox 696 3852 773 3913; x_wconf 89' lang='lat' dir='ltr'><strong>aliis</strong></span> <span class='ocrx_word' id='word_1_218' title='bbox 804 3853 932 3914; x_wconf 87' lang='lat' dir='ltr'><strong>litteras</strong></span> 
     </span>
     <span class='ocr_line' id='line_1_35' title="bbox 138 3944 931 4025; baseline 0.006 -20"><span class='ocrx_word' id='word_1_219' title='bbox 138 3944 346 4021; x_wconf 87' lang='lat' dir='ltr'><strong>Apostolicas</strong></span> <span class='ocrx_word' id='word_1_220' title='bbox 360 3946 580 4023; x_wconf 90' lang='lat' dir='ltr'><strong>impetrasset,</strong></span> <span class='ocrx_word' id='word_1_221' title='bbox 590 3964 649 4008; x_wconf 91' lang='lat' dir='ltr'><strong>vos</strong></span> <span class='ocrx_word' id='word_1_222' title='bbox 658 3964 716 4025; x_wconf 92' lang='lat' dir='ltr'><strong>per</strong></span> <span class='ocrx_word' id='word_1_223' title='bbox 724 3951 931 4012; x_wconf 92' lang='lat' dir='ltr'><strong>occasionem</strong></span> 
     </span>
     <span class='ocr_line' id='line_1_36' title="bbox 138 4041 931 4118; baseline 0.01 -17"><span class='ocrx_word' id='word_1_224' title='bbox 138 4041 231 4101; x_wconf 89' lang='lat' dir='ltr'><strong>illius</strong></span> <span class='ocrx_word' id='word_1_225' title='bbox 244 4042 403 4102; x_wconf 86' lang='lat' dir='ltr'><strong>clausulae</strong></span> <span class='ocrx_word' id='word_1_226' title='bbox 419 4044 553 4118; x_wconf 90' lang='lat' dir='ltr'><strong>quidam</strong></span> <span class='ocrx_word' id='word_1_227' title='bbox 568 4045 626 4103; x_wconf 92' lang='lat' dir='ltr'><strong>alii</strong></span> <span class='ocrx_word' id='word_1_228' title='bbox 647 4045 682 4104; x_wconf 93' lang='lat' dir='ltr'><strong>in</strong></span> <span class='ocrx_word' id='word_1_229' title='bbox 697 4061 753 4107; x_wconf 91' lang='lat' dir='ltr'><strong>eos</strong></span> <span class='ocrx_word' id='word_1_230' title='bbox 768 4063 834 4107; x_wconf 93' lang='lat' dir='ltr'><strong>non</strong></span> <span class='ocrx_word' id='word_1_231' title='bbox 856 4064 931 4109; x_wconf 92' lang='lat' dir='ltr'><strong>mo-</strong></span> 
     </span>
     <span class='ocr_line' id='line_1_37' title="bbox 140 4136 931 4209; baseline 0.011 -12"><span class='ocrx_word' id='word_1_232' title='bbox 140 4138 229 4197; x_wconf 92' lang='lat' dir='ltr'><strong>nitos</strong></span> <span class='ocrx_word' id='word_1_233' title='bbox 254 4136 307 4198; x_wconf 91' lang='lat' dir='ltr'><strong>vel</strong></span> <span class='ocrx_word' id='word_1_234' title='bbox 323 4138 452 4209; x_wconf 90' lang='lat' dir='ltr'><strong>citatos,</strong></span> <span class='ocrx_word' id='word_1_235' title='bbox 470 4154 531 4199; x_wconf 89' lang='lat' dir='ltr'><strong>nec</strong></span> <span class='ocrx_word' id='word_1_236' title='bbox 560 4156 595 4200; x_wconf 93' lang='lat' dir='ltr'><strong>se</strong></span> <span class='ocrx_word' id='word_1_237' title='bbox 615 4143 855 4205; x_wconf 89' lang='lat' dir='ltr'><strong>contumaciter</strong></span> <span class='ocrx_word' id='word_1_238' title='bbox 869 4145 931 4205; x_wconf 91' lang='lat' dir='ltr'><strong>ad-</strong></span> 
     </span>
     <span class='ocr_line' id='line_1_38' title="bbox 137 4232 933 4313; baseline 0.008 -20"><span class='ocrx_word' id='word_1_239' title='bbox 137 4233 312 4293; x_wconf 84' lang='lat' dir='ltr'><strong>versantes</strong></span> <span class='ocrx_word' id='word_1_240' title='bbox 325 4232 397 4292; x_wconf 76' lang='grc'><strong>1111</strong></span> <span class='ocrx_word' id='word_1_241' title='bbox 412 4248 512 4295; x_wconf 91' lang='lat' dir='ltr'><strong>causa</strong></span> <span class='ocrx_word' id='word_1_242' title='bbox 528 4234 720 4295; x_wconf 90' lang='lat' dir='ltr'><strong>rationabili</strong></span> <span class='ocrx_word' id='word_1_243' title='bbox 736 4238 851 4299; x_wconf 90' lang='lat' dir='ltr'><strong>contra</strong></span> <span class='ocrx_word' id='word_1_244' title='bbox 871 4256 933 4313; x_wconf 89' lang='lat' dir='ltr'><strong>ge-</strong></span> 
     </span>
     <span class='ocr_line' id='line_1_39' title="bbox 139 4330 933 4397; baseline 0.009 -8"><span class='ocrx_word' id='word_1_245' title='bbox 139 4330 265 4389; x_wconf 91' lang='lat' dir='ltr'><strong>neralis</strong></span> <span class='ocrx_word' id='word_1_246' title='bbox 284 4330 408 4392; x_wconf 88' lang='lat' dir='ltr'><strong>statuta</strong></span> <span class='ocrx_word' id='word_1_247' title='bbox 423 4332 563 4392; x_wconf 70' lang='lat' dir='ltr'><strong>concilii</strong></span> <span class='ocrx_word' id='word_1_248' title='bbox 589 4335 933 4397; x_wconf 81' lang='lat' dir='ltr'><strong>excommunuationis</strong></span> 
     </span>
     <span class='ocr_line' id='line_1_40' title="bbox 138 4427 933 4505; baseline 0.009 -19"><span class='ocrx_word' id='word_1_249' title='bbox 138 4427 336 4488; x_wconf 89' lang='lat' dir='ltr'><strong>sententiam</strong></span> <span class='ocrx_word' id='word_1_250' title='bbox 343 4429 590 4505; x_wconf 87' lang='lat' dir='ltr'><strong>promulgastis;</strong></span> <span class='ocrx_word' id='word_1_251' title='bbox 603 4430 729 4491; x_wconf 91' lang='lat' dir='ltr'><strong>idcirco</strong></span> <span class='ocrx_word' id='word_1_252' title='bbox 738 4430 933 4493; x_wconf 88' lang='lat' dir='ltr'><strong>discretioni</strong></span> 
     </span>
     <span class='ocr_line' id='line_1_41' title="bbox 137 4524 932 4604; baseline 0.005 -18"><span class='ocrx_word' id='word_1_253' title='bbox 137 4524 258 4586; x_wconf 86' lang='lat' dir='ltr'><strong>vestrae</strong></span> <span class='ocrx_word' id='word_1_254' title='bbox 285 4540 346 4601; x_wconf 91' lang='lat' dir='ltr'><strong>per</strong></span> <span class='ocrx_word' id='word_1_255' title='bbox 372 4527 561 4603; x_wconf 72' lang='lat' dir='ltr'><strong>apostolica</strong></span> <span class='ocrx_word' id='word_1_256' title='bbox 577 4528 701 4604; x_wconf 90' lang='lat' dir='ltr'><strong>scripta</strong></span> <span class='ocrx_word' id='word_1_257' title='bbox 727 4530 932 4602; x_wconf 89' lang='lat' dir='ltr'><strong>mandamus,</strong></span> 
     </span>
     <span class='ocr_line' id='line_1_42' title="bbox 139 4622 935 4705; baseline 0.01 -24"><span class='ocrx_word' id='word_1_258' title='bbox 139 4624 313 4698; x_wconf 76' lang='lat' dir='ltr'><strong>quatenus</strong></span> <span class='ocrx_word' id='word_1_259' title='bbox 343 4622 371 4683; x_wconf 91' lang='lat' dir='ltr'><strong>si</strong></span> <span class='ocrx_word' id='word_1_260' title='bbox 398 4624 448 4685; x_wconf 90' lang='lat' dir='ltr'><strong>est</strong></span> <span class='ocrx_word' id='word_1_261' title='bbox 472 4624 531 4696; x_wconf 87' lang='lat' dir='ltr'><strong>ita,</strong></span> <span class='ocrx_word' id='word_1_262' title='bbox 554 4624 642 4686; x_wconf 87' lang='lat' dir='ltr'><strong>infra</strong></span> <span class='ocrx_word' id='word_1_263' title='bbox 668 4628 741 4688; x_wconf 92' lang='lat' dir='ltr'><strong>octo</strong></span> <span class='ocrx_word' id='word_1_264' title='bbox 766 4628 837 4687; x_wconf 90' lang='lat' dir='ltr'><strong>dies</strong></span> <span class='ocrx_word' id='word_1_265' title='bbox 861 4629 935 4705; x_wconf 89' lang='lat' dir='ltr'><strong>post</strong></span> 
     </span>
     <span class='ocr_line' id='line_1_43' title="bbox 140 4721 934 4801; baseline 0.009 -23"><span class='ocrx_word' id='word_1_266' title='bbox 140 4721 384 4795; x_wconf 90' lang='lat' dir='ltr'><strong>susceptionem</strong></span> <span class='ocrx_word' id='word_1_267' title='bbox 393 4723 606 4797; x_wconf 84' lang='lat' dir='ltr'><strong>praesentium</strong></span> <span class='ocrx_word' id='word_1_268' title='bbox 620 4726 818 4790; x_wconf 88' lang='lat' dir='ltr'><strong>senteutiam</strong></span> <span class='ocrx_word' id='word_1_269' title='bbox 827 4726 934 4801; x_wconf 91' lang='lat' dir='ltr'><strong>ipsam</strong></span> 
     </span>
     <span class='ocr_line' id='line_1_44' title="bbox 139 4816 934 4900; baseline 0.009 -23"><span class='ocrx_word' id='word_1_270' title='bbox 139 4816 212 4879; x_wconf 88' lang='lat' dir='ltr'><strong>sino</strong></span> <span class='ocrx_word' id='word_1_271' title='bbox 233 4816 427 4879; x_wconf 75' lang='lat' dir='ltr'><strong>difficultate</strong></span> <span class='ocrx_word' id='word_1_272' title='bbox 443 4820 589 4895; x_wconf 88' lang='lat' dir='ltr'><strong>qualibet</strong></span> <span class='ocrx_word' id='word_1_273' title='bbox 612 4821 808 4883; x_wconf 76' lang='lat' dir='ltr'><strong>relaxetis..</strong></span> <span class='ocrx_word' id='word_1_274' title='bbox 826 4824 934 4900; x_wconf 90' lang='lat' dir='ltr'><strong>ipsam</strong></span> 
     </span>
     <span class='ocr_line' id='line_1_45' title="bbox 135 4914 933 4989; baseline 0.011 -17"><span class='ocrx_word' id='word_1_275' title='bbox 135 4914 232 4989; x_wconf 81' lang='lat' dir='ltr'><strong>juxta</strong></span> <span class='ocrx_word' id='word_1_276' title='bbox 244 4914 392 4989; x_wconf 88' lang='lat' dir='ltr'><strong>priorum</strong></span> <span class='ocrx_word' id='word_1_277' title='bbox 407 4915 594 4979; x_wconf 88' lang='lat' dir='ltr'><strong>litterarum</strong></span> <span class='ocrx_word' id='word_1_278' title='bbox 612 4918 850 4980; x_wconf 88' lang='lat' dir='ltr'><strong>continentiam</strong></span> <span class='ocrx_word' id='word_1_279' title='bbox 872 4936 933 4981; x_wconf 92' lang='lat' dir='ltr'><strong>ra-</strong></span> 
     </span>
     <span class='ocr_line' id='line_1_46' title="bbox 138 5008 932 5093; baseline 0.014 -22"><span class='ocrx_word' id='word_1_280' title='bbox 138 5008 231 5071; x_wconf 92' lang='lat' dir='ltr'><strong>tione</strong></span> <span class='ocrx_word' id='word_1_281' title='bbox 256 5012 381 5086; x_wconf 88' lang='lat' dir='ltr'><strong>praevia</strong></span> <span class='ocrx_word' id='word_1_282' title='bbox 396 5016 602 5091; x_wconf 90' lang='lat' dir='ltr'><strong>processuri;</strong></span> <span class='ocrx_word' id='word_1_283' title='bbox 624 5016 772 5093; x_wconf 86' lang='lat' dir='ltr'><strong>alioquin</strong></span> <span class='ocrx_word' id='word_1_284' title='bbox 787 5034 932 5081; x_wconf 89' lang='lat' dir='ltr'><strong>venera-</strong></span> 
     </span>
     <span class='ocr_line' id='line_1_47' title="bbox 139 5105 933 5189; baseline 0.014 -24"><span class='ocrx_word' id='word_1_285' title='bbox 139 5105 198 5167; x_wconf 93' lang='lat' dir='ltr'><strong>bili</strong></span> <span class='ocrx_word' id='word_1_286' title='bbox 233 5106 329 5168; x_wconf 83' lang='lat' dir='ltr'><strong>fratri</strong></span> <span class='ocrx_word' id='word_1_287' title='bbox 369 5110 519 5171; x_wconf 88' lang='lat' dir='ltr'><strong>nostro...</strong></span> <span class='ocrx_word' id='word_1_288' title='bbox 554 5113 708 5189; x_wconf 88' lang='lat' dir='ltr'><strong>episcopo</strong></span> <span class='ocrx_word' id='word_1_289' title='bbox 741 5114 774 5175; x_wconf 90' lang='lat' dir='ltr'><strong>et</strong></span> <span class='ocrx_word' id='word_1_290' title='bbox 804 5114 933 5178; x_wconf 89' lang='lat' dir='ltr'><strong>dilectis</strong></span> 
     </span>
     <span class='ocr_line' id='line_1_48' title="bbox 138 5202 934 5274; baseline 0.016 -12"><span class='ocrx_word' id='word_1_291' title='bbox 138 5202 255 5263; x_wconf 87' lang='lat' dir='ltr'><strong>tiliis...</strong></span> <span class='ocrx_word' id='word_1_292' title='bbox 275 5202 385 5267; x_wconf 91' lang='lat' dir='ltr'><strong>abbati</strong></span> <span class='ocrx_word' id='word_1_293' title='bbox 404 5208 517 5268; x_wconf 88' lang='lat' dir='ltr'><strong>Sancti</strong></span> <span class='ocrx_word' id='word_1_294' title='bbox 546 5210 757 5271; x_wconf 88' lang='lat' dir='ltr'><strong>Mercurialis</strong></span> <span class='ocrx_word' id='word_1_295' title='bbox 780 5213 850 5272; x_wconf 89' lang='lat' dir='ltr'><strong>et...</strong></span> <span class='ocrx_word' id='word_1_296' title='bbox 877 5229 934 5274; x_wconf 89' lang='lat' dir='ltr'><strong>ar-</strong></span> 
     </span>
     <span class='ocr_line' id='line_1_49' title="bbox 140 5300 932 5372; baseline 0.016 -13"><span class='ocrx_word' id='word_1_297' title='bbox 140 5300 337 5363; x_wconf 90' lang='lat' dir='ltr'><strong>chidiacono</strong></span> <span class='ocrx_word' id='word_1_298' title='bbox 360 5304 567 5365; x_wconf 81' lang='lat' dir='ltr'><strong>Forolivensi</strong></span> <span class='ocrx_word' id='word_1_299' title='bbox 590 5308 712 5368; x_wconf 90' lang='lat' dir='ltr'><strong>nostris</strong></span> <span class='ocrx_word' id='word_1_300' title='bbox 735 5309 851 5370; x_wconf 90' lang='lat' dir='ltr'><strong>damus</strong></span> <span class='ocrx_word' id='word_1_301' title='bbox 873 5310 932 5372; x_wconf 91' lang='lat' dir='ltr'><strong>lit-</strong></span> 
     </span>
     <span class='ocr_line' id='line_1_50' title="bbox 138 5397 933 5485; baseline 0.015 -29"><span class='ocrx_word' id='word_1_302' title='bbox 138 5397 280 5457; x_wconf 87' lang='lat' dir='ltr'><strong>torisia</strong></span> <span class='ocrx_word' id='word_1_303' title='bbox 304 5399 480 5473; x_wconf 89' lang='lat' dir='ltr'><strong>mandatis,</strong></span> <span class='ocrx_word' id='word_1_304' title='bbox 506 5404 543 5463; x_wconf 89' lang='lat' dir='ltr'><strong>ut</strong></span> <span class='ocrx_word' id='word_1_305' title='bbox 570 5402 635 5479; x_wconf 91' lang='lat' dir='ltr'><strong>ipsi</strong></span> <span class='ocrx_word' id='word_1_306' title='bbox 655 5404 776 5466; x_wconf 82' lang='lat' dir='ltr'><strong>exinde</strong></span> <span class='ocrx_word' id='word_1_307' title='bbox 799 5409 933 5485; x_wconf 90' lang='lat' dir='ltr'><strong>recepta</strong></span> 
     </span>
    </p>
   </div>
   <div class='ocr_carea' id='block_1_9' title="bbox 986 1324 1574 1400">
    <p class='ocr_par' dir='ltr' id='par_1_10' title="bbox 986 1324 1574 1400">
     <span class='ocr_line' id='line_1_51' title="bbox 986 1324 1574 1400; baseline 0.003 -16"><span class='ocrx_word' id='word_1_308' title='bbox 986 1324 1197 1400; x_wconf 81' lang='lat' dir='ltr'><strong>pontificatus</strong></span> <span class='ocrx_word' id='word_1_309' title='bbox 1211 1325 1318 1388; x_wconf 89' lang='lat' dir='ltr'><strong>nostri</strong></span> <span class='ocrx_word' id='word_1_310' title='bbox 1332 1340 1420 1387; x_wconf 87' lang='lat' dir='ltr'><strong>anno</strong></span> <span class='ocrx_word' id='word_1_311' title='bbox 1434 1325 1574 1387; x_wconf 90' lang='lat' dir='ltr'><strong>decimo.</strong></span> 
     </span>
    </p>
   </div>
   <div class='ocr_carea' id='block_1_10' title="bbox 1294 1566 1472 1654">
    <p class='ocr_par' dir='ltr' id='par_1_11' title="bbox 1294 1566 1472 1654">
     <span class='ocr_line' id='line_1_52' title="bbox 1294 1566 1472 1654; baseline 0.011 -2"><span class='ocrx_word' id='word_1_312' title='bbox 1294 1566 1472 1654; x_wconf 82' lang='lat' dir='ltr'>CXXVII</span> 
     </span>
    </p>
   </div>
   <div class='ocr_carea' id='block_1_11' title="bbox 1006 1717 1762 1885">
    <p class='ocr_par' dir='ltr' id='par_1_12' title="bbox 1006 1717 1762 1885">
     <span class='ocr_line' id='line_1_53' title="bbox 1006 1717 1762 1793; baseline 0.003 -17"><span class='ocrx_word' id='word_1_313' title='bbox 1006 1717 1059 1776; x_wconf 82' lang='lat' dir='ltr'><strong>Ad</strong></span> <span class='ocrx_word' id='word_1_314' title='bbox 1076 1717 1232 1776; x_wconf 85' lang='lat' dir='ltr'><strong>abbatem</strong></span> <span class='ocrx_word' id='word_1_315' title='bbox 1250 1718 1284 1778; x_wconf 87' lang='lat' dir='ltr'><strong>ct</strong></span> <span class='ocrx_word' id='word_1_316' title='bbox 1303 1719 1560 1778; x_wconf 75' lang='grc'><strong>1111111118.</strong></span> <span class='ocrx_word' id='word_1_317' title='bbox 1576 1717 1762 1793; x_wconf 77' lang='lat' dir='ltr'><strong>Aaaaaattnt</strong></span> 
     </span>
     <span class='ocr_line' id='line_1_54' title="bbox 1033 1814 1730 1885; baseline 0 -11"><span class='ocrx_word' id='word_1_318' title='bbox 1033 1814 1244 1885; x_wconf 72' lang='lat' dir='ltr'><strong>Carataavtoe,</strong></span> <span class='ocrx_word' id='word_1_319' title='bbox 1261 1817 1394 1874; x_wconf 75' lang='lat' dir='ltr'><strong>ordinis</strong></span> <span class='ocrx_word' id='word_1_320' title='bbox 1408 1815 1528 1876; x_wconf 78' lang='lat' dir='ltr'><strong>Sancti</strong></span> <span class='ocrx_word' id='word_1_321' title='bbox 1541 1814 1730 1876; x_wconf 80' lang='lat' dir='ltr'><strong>Benedicti.</strong></span> 
     </span>
    </p>
   </div>
   <div class='ocr_carea' id='block_1_12' title="bbox 1091 1943 1672 2130">
    <p class='ocr_par' dir='ltr' id='par_1_13' title="bbox 1091 1943 1672 2130">
     <span class='ocr_line' id='line_1_55' title="bbox 1269 1943 1495 2016; baseline 0 -16"><span class='ocrx_word' id='word_1_322' title='bbox 1269 1943 1286 2000; x_wconf 82' lang='lat'><strong>9</strong></span> <span class='ocrx_word' id='word_1_323' title='bbox 1300 1943 1398 2016; x_wconf 88' lang='lat' dir='ltr'><strong>aprilis</strong></span> <span class='ocrx_word' id='word_1_324' title='bbox 1417 1945 1495 2001; x_wconf 75' lang='grc'><strong>1116.</strong></span> 
     </span>
     <span class='ocr_line' id='line_1_56' title="bbox 1091 2065 1672 2130; baseline 0.003 -15"><span class='ocrx_word' id='word_1_325' title='bbox 1091 2065 1222 2129; x_wconf 73' lang='lat' dir='ltr'><strong>[bugdala</strong></span> <span class='ocrx_word' id='word_1_326' title='bbox 1236 2067 1344 2116; x_wconf 89' lang='lat' dir='ltr'><strong>blonast.</strong></span> <span class='ocrx_word' id='word_1_327' title='bbox 1361 2067 1470 2130; x_wconf 72' lang='lat' dir='ltr'><strong>anglic,</strong></span> <span class='ocrx_word' id='word_1_328' title='bbox 1483 2069 1503 2126; x_wconf 93' lang='lat' dir='ltr'><strong>i,</strong></span> <span class='ocrx_word' id='word_1_329' title='bbox 1517 2067 1571 2126; x_wconf 86' lang='grc'><strong>131,</strong></span> <span class='ocrx_word' id='word_1_330' title='bbox 1582 2082 1609 2116; x_wconf 91' lang='grc'><strong>1.</strong></span> <span class='ocrx_word' id='word_1_331' title='bbox 1621 2068 1672 2130; x_wconf 78' lang='lat' dir='ltr'><strong>itt]</strong></span> 
     </span>
    </p>
   </div>
   <div class='ocr_carea' id='block_1_13' title="bbox 986 2190 1782 2354">
    <p class='ocr_par' dir='ltr' id='par_1_14' title="bbox 986 2190 1782 2354">
     <span class='ocr_line' id='line_1_57' title="bbox 986 2190 1782 2265; baseline 0.003 -17"><span class='ocrx_word' id='word_1_332' title='bbox 986 2190 1120 2263; x_wconf 89' lang='lat' dir='ltr'><strong>indulget</strong></span> <span class='ocrx_word' id='word_1_333' title='bbox 1131 2198 1161 2248; x_wconf 90' lang='lat' dir='ltr'><strong>ut</strong></span> <span class='ocrx_word' id='word_1_334' title='bbox 1175 2191 1258 2246; x_wconf 88' lang='lat' dir='ltr'><strong>liceat</strong></span> <span class='ocrx_word' id='word_1_335' title='bbox 1270 2191 1353 2248; x_wconf 88' lang='lat' dir='ltr'><strong>eisin</strong></span> <span class='ocrx_word' id='word_1_336' title='bbox 1367 2193 1487 2265; x_wconf 88' lang='lat' dir='ltr'><strong>propriis</strong></span> <span class='ocrx_word' id='word_1_337' title='bbox 1500 2192 1643 2264; x_wconf 89' lang='lat' dir='ltr'><strong>parochiis</strong></span> <span class='ocrx_word' id='word_1_338' title='bbox 1657 2193 1782 2265; x_wconf 88' lang='lat' dir='ltr'><strong>capellas</strong></span> 
     </span>
     <span class='ocr_line' id='line_1_58' title="bbox 1003 2277 1762 2354; baseline 0.003 -18"><span class='ocrx_word' id='word_1_339' title='bbox 1003 2286 1169 2336; x_wconf 87' lang='lat' dir='ltr'><strong>construere</strong></span> <span class='ocrx_word' id='word_1_340' title='bbox 1184 2293 1218 2335; x_wconf 91' lang='lat' dir='ltr'><strong>ac</strong></span> <span class='ocrx_word' id='word_1_341' title='bbox 1231 2279 1260 2335; x_wconf 93' lang='lat' dir='ltr'><strong>iu</strong></span> <span class='ocrx_word' id='word_1_342' title='bbox 1271 2280 1314 2336; x_wconf 88' lang='lat' dir='ltr'><strong>cis</strong></span> <span class='ocrx_word' id='word_1_343' title='bbox 1325 2277 1432 2336; x_wconf 90' lang='lat' dir='ltr'><strong>babere</strong></span> <span class='ocrx_word' id='word_1_344' title='bbox 1446 2281 1575 2352; x_wconf 85' lang='lat' dir='ltr'><strong>proprios</strong></span> <span class='ocrx_word' id='word_1_345' title='bbox 1588 2281 1762 2354; x_wconf 85' lang='lat' dir='ltr'><strong>capellanos.</strong></span> 
     </span>
    </p>
   </div>
   <div class='ocr_carea' id='block_1_14' title="bbox 1026 2415 1873 2490">
    <p class='ocr_par' dir='ltr' id='par_1_15' title="bbox 1026 2415 1873 2490">
     <span class='ocr_line' id='line_1_59' title="bbox 1026 2415 1873 2490; baseline 0.001 -16"><span class='ocrx_word' id='word_1_346' title='bbox 1026 2415 1699 2490; x_wconf 69' lang='lat' dir='ltr'><strong>Honoriusepiscopusservusservorum</strong></span> <span class='ocrx_word' id='word_1_347' title='bbox 1708 2416 1780 2489; x_wconf 90' lang='lat' dir='ltr'><strong>Dei,</strong></span> <span class='ocrx_word' id='word_1_348' title='bbox 1864 2457 1873 2466; x_wconf 80' lang='lat'><strong>.</strong></span> 
     </span>
    </p>
   </div>
   <div class='ocr_carea' id='block_1_15' title="bbox 986 2510 1783 4325">
    <p class='ocr_par' dir='ltr' id='par_1_16' title="bbox 986 2510 1783 2782">
     <span class='ocr_line' id='line_1_60' title="bbox 987 2510 1783 2575; baseline 0.004 -3"><span class='ocrx_word' id='word_1_349' title='bbox 987 2511 1118 2572; x_wconf 88' lang='lat' dir='ltr'><strong>dilectis</strong></span> <span class='ocrx_word' id='word_1_350' title='bbox 1133 2511 1212 2572; x_wconf 85' lang='lat' dir='ltr'><strong>filiis</strong></span> <span class='ocrx_word' id='word_1_351' title='bbox 1228 2510 1339 2573; x_wconf 90' lang='lat' dir='ltr'><strong>abbati</strong></span> <span class='ocrx_word' id='word_1_352' title='bbox 1353 2514 1386 2573; x_wconf 92' lang='lat' dir='ltr'><strong>et</strong></span> <span class='ocrx_word' id='word_1_353' title='bbox 1398 2512 1575 2574; x_wconf 91' lang='lat' dir='ltr'><strong>conventui</strong></span> <span class='ocrx_word' id='word_1_354' title='bbox 1591 2513 1704 2574; x_wconf 89' lang='lat' dir='ltr'><strong>Sancti</strong></span> <span class='ocrx_word' id='word_1_355' title='bbox 1712 2517 1783 2575; x_wconf 87' lang='lat' dir='ltr'><strong>Au·</strong></span> 
     </span>
     <span class='ocr_line' id='line_1_61' title="bbox 986 2608 1783 2683; baseline 0.004 -15"><span class='ocrx_word' id='word_1_356' title='bbox 986 2608 1113 2683; x_wconf 91' lang='lat' dir='ltr'><strong>gustini</strong></span> <span class='ocrx_word' id='word_1_357' title='bbox 1140 2609 1348 2680; x_wconf 81' lang='lat' dir='ltr'><strong>cantuariae,</strong></span> <span class='ocrx_word' id='word_1_358' title='bbox 1377 2610 1504 2670; x_wconf 88' lang='lat' dir='ltr'><strong>ordinis</strong></span> <span class='ocrx_word' id='word_1_359' title='bbox 1531 2611 1644 2671; x_wconf 90' lang='lat' dir='ltr'><strong>Sancti</strong></span> <span class='ocrx_word' id='word_1_360' title='bbox 1674 2613 1783 2672; x_wconf 89' lang='lat' dir='ltr'><strong>Bene-</strong></span> 
     </span>
     <span class='ocr_line' id='line_1_62' title="bbox 987 2704 1780 2782; baseline 0.005 -18"><span class='ocrx_word' id='word_1_361' title='bbox 987 2704 1780 2782; x_wconf 77' lang='lat' dir='ltr'><strong>dicti,salutemempostolieambenedictionem.</strong></span> 
     </span>
    </p>

    <p class='ocr_par' dir='ltr' id='par_1_17' title="bbox 986 2801 1783 4325">
     <span class='ocr_line' id='line_1_63' title="bbox 1027 2801 1779 2878; baseline 0.004 -17"><span class='ocrx_word' id='word_1_362' title='bbox 1027 2802 1070 2861; x_wconf 90' lang='lat' dir='ltr'><strong>Ut</strong></span> <span class='ocrx_word' id='word_1_363' title='bbox 1094 2801 1202 2877; x_wconf 85' lang='lat' dir='ltr'><strong>gratia</strong></span> <span class='ocrx_word' id='word_1_364' title='bbox 1234 2802 1328 2862; x_wconf 88' lang='lat' dir='ltr'><strong>Sedis</strong></span> <span class='ocrx_word' id='word_1_365' title='bbox 1360 2802 1571 2878; x_wconf 84' lang='lat' dir='ltr'><strong>Apostolicae,</strong></span> <span class='ocrx_word' id='word_1_366' title='bbox 1602 2803 1657 2864; x_wconf 92' lang='lat' dir='ltr'><strong>cui</strong></span> <span class='ocrx_word' id='word_1_367' title='bbox 1686 2804 1779 2864; x_wconf 92' lang='lat' dir='ltr'><strong>nullo</strong></span> 
     </span>
     <span class='ocr_line' id='line_1_64' title="bbox 988 2899 1781 2978; baseline 0.005 -20"><span class='ocrx_word' id='word_1_368' title='bbox 988 2899 1096 2959; x_wconf 91' lang='lat' dir='ltr'><strong>medio</strong></span> <span class='ocrx_word' id='word_1_369' title='bbox 1123 2899 1363 2960; x_wconf 90' lang='lat' dir='ltr'><strong>monasterium</strong></span> <span class='ocrx_word' id='word_1_370' title='bbox 1385 2901 1532 2962; x_wconf 89' lang='lat' dir='ltr'><strong>vestrum</strong></span> <span class='ocrx_word' id='word_1_371' title='bbox 1556 2900 1679 2974; x_wconf 90' lang='lat' dir='ltr'><strong>subest,</strong></span> <span class='ocrx_word' id='word_1_372' title='bbox 1700 2917 1781 2978; x_wconf 87' lang='lat' dir='ltr'><strong>erga</strong></span> 
     </span>
     <span class='ocr_line' id='line_1_65' title="bbox 987 2995 1780 3073; baseline 0.001 -16"><span class='ocrx_word' id='word_1_373' title='bbox 987 3011 1046 3057; x_wconf 89' lang='lat' dir='ltr'><strong>vos</strong></span> <span class='ocrx_word' id='word_1_374' title='bbox 1078 2997 1238 3072; x_wconf 87' lang='lat' dir='ltr'><strong>appareat</strong></span> <span class='ocrx_word' id='word_1_375' title='bbox 1274 2995 1445 3057; x_wconf 77' lang='lat' dir='ltr'><strong>fructuosa</strong></span> <span class='ocrx_word' id='word_1_376' title='bbox 1482 2997 1780 3073; x_wconf 88' lang='lat' dir='ltr'><strong>supplicationibus</strong></span> 
     </span>
     <span class='ocr_line' id='line_1_66' title="bbox 986 3092 1782 3166; baseline 0.003 -12"><span class='ocrx_word' id='word_1_377' title='bbox 986 3093 1106 3154; x_wconf 89' lang='lat' dir='ltr'><strong>vestris</strong></span> <span class='ocrx_word' id='word_1_378' title='bbox 1119 3092 1348 3154; x_wconf 82' lang='lat' dir='ltr'><strong>favorabiliter</strong></span> <span class='ocrx_word' id='word_1_379' title='bbox 1369 3094 1567 3166; x_wconf 70' lang='lat' dir='ltr'><strong>annuentes</strong></span> <span class='ocrx_word' id='word_1_380' title='bbox 1583 3094 1782 3156; x_wconf 87' lang='lat' dir='ltr'><strong>auctoritate</strong></span> 
     </span>
     <span class='ocr_line' id='line_1_67' title="bbox 986 3189 1782 3267; baseline 0.004 -16"><span class='ocrx_word' id='word_1_381' title='bbox 986 3189 1080 3251; x_wconf 91' lang='lat' dir='ltr'><strong>vobis</strong></span> <span class='ocrx_word' id='word_1_382' title='bbox 1108 3190 1323 3266; x_wconf 86' lang='lat' dir='ltr'><strong>praesentium</strong></span> <span class='ocrx_word' id='word_1_383' title='bbox 1358 3191 1584 3267; x_wconf 87' lang='lat' dir='ltr'><strong>indulgemus,</strong></span> <span class='ocrx_word' id='word_1_384' title='bbox 1616 3190 1652 3253; x_wconf 95' lang='lat' dir='ltr'><strong>ut</strong></span> <span class='ocrx_word' id='word_1_385' title='bbox 1680 3191 1782 3254; x_wconf 90' lang='lat' dir='ltr'><strong>liceat</strong></span> 
     </span>
     <span class='ocr_line' id='line_1_68' title="bbox 987 3287 1782 3366; baseline 0.008 -17"><span class='ocrx_word' id='word_1_386' title='bbox 987 3287 1081 3349; x_wconf 91' lang='lat' dir='ltr'><strong>vobis</strong></span> <span class='ocrx_word' id='word_1_387' title='bbox 1106 3288 1141 3348; x_wconf 95' lang='lat' dir='ltr'><strong>in</strong></span> <span class='ocrx_word' id='word_1_388' title='bbox 1165 3289 1335 3366; x_wconf 90' lang='lat' dir='ltr'><strong>parochiis</strong></span> <span class='ocrx_word' id='word_1_389' title='bbox 1357 3290 1503 3365; x_wconf 90' lang='lat' dir='ltr'><strong>propriis</strong></span> <span class='ocrx_word' id='word_1_390' title='bbox 1528 3289 1674 3365; x_wconf 89' lang='lat' dir='ltr'><strong>capellas</strong></span> <span class='ocrx_word' id='word_1_391' title='bbox 1700 3306 1782 3355; x_wconf 85' lang='lat' dir='ltr'><strong>con-</strong></span> 
     </span>
     <span class='ocr_line' id='line_1_69' title="bbox 987 3385 1783 3463; baseline 0.004 -18"><span class='ocrx_word' id='word_1_392' title='bbox 987 3385 1128 3456; x_wconf 90' lang='lat' dir='ltr'><strong>struere,</strong></span> <span class='ocrx_word' id='word_1_393' title='bbox 1145 3386 1235 3446; x_wconf 90' lang='lat' dir='ltr'><strong>acin</strong></span> <span class='ocrx_word' id='word_1_394' title='bbox 1255 3386 1304 3446; x_wconf 90' lang='lat' dir='ltr'><strong>eis</strong></span> <span class='ocrx_word' id='word_1_395' title='bbox 1319 3386 1444 3447; x_wconf 89' lang='lat' dir='ltr'><strong>habere</strong></span> <span class='ocrx_word' id='word_1_396' title='bbox 1463 3387 1614 3463; x_wconf 91' lang='lat' dir='ltr'><strong>proprios</strong></span> <span class='ocrx_word' id='word_1_397' title='bbox 1635 3385 1783 3463; x_wconf 88' lang='lat' dir='ltr'><strong>capella-</strong></span> 
     </span>
     <span class='ocr_line' id='line_1_70' title="bbox 987 3481 1781 3559; baseline 0.004 -16"><span class='ocrx_word' id='word_1_398' title='bbox 987 3498 1047 3543; x_wconf 89' lang='lat' dir='ltr'><strong>nos</strong></span> <span class='ocrx_word' id='word_1_399' title='bbox 1067 3483 1140 3542; x_wconf 89' lang='lat' dir='ltr'><strong>sine</strong></span> <span class='ocrx_word' id='word_1_400' title='bbox 1150 3481 1238 3558; x_wconf 86' lang='lat' dir='ltr'><strong>jnris</strong></span> <span class='ocrx_word' id='word_1_401' title='bbox 1253 3482 1447 3559; x_wconf 80' lang='lat' dir='ltr'><strong>praeJudicio</strong></span> <span class='ocrx_word' id='word_1_402' title='bbox 1462 3483 1576 3543; x_wconf 89' lang='lat' dir='ltr'><strong>alieni.</strong></span> <span class='ocrx_word' id='word_1_403' title='bbox 1593 3484 1686 3544; x_wconf 94' lang='lat' dir='ltr'><strong>Nulli</strong></span> <span class='ocrx_word' id='word_1_404' title='bbox 1701 3500 1781 3559; x_wconf 90' lang='lat' dir='ltr'><strong>ergo</strong></span> 
     </span>
     <span class='ocr_line' id='line_1_71' title="bbox 987 3579 1783 3657; baseline 0.004 -18"><span class='ocrx_word' id='word_1_405' title='bbox 987 3580 1114 3640; x_wconf 92' lang='lat' dir='ltr'><strong>homini</strong></span> <span class='ocrx_word' id='word_1_406' title='bbox 1126 3579 1226 3640; x_wconf 88' lang='lat' dir='ltr'><strong>liceat</strong></span> <span class='ocrx_word' id='word_1_407' title='bbox 1238 3579 1324 3640; x_wconf 90' lang='lat' dir='ltr'><strong>banc</strong></span> <span class='ocrx_word' id='word_1_408' title='bbox 1339 3580 1495 3657; x_wconf 88' lang='lat' dir='ltr'><strong>paginam</strong></span> <span class='ocrx_word' id='word_1_409' title='bbox 1510 3581 1633 3642; x_wconf 87' lang='lat' dir='ltr'><strong>nostrae</strong></span> <span class='ocrx_word' id='word_1_410' title='bbox 1643 3596 1783 3643; x_wconf 89' lang='lat' dir='ltr'><strong>conces-</strong></span> 
     </span>
     <span class='ocr_line' id='line_1_72' title="bbox 988 3676 1780 3753; baseline 0.001 -14"><span class='ocrx_word' id='word_1_411' title='bbox 988 3677 1092 3739; x_wconf 88' lang='lat' dir='ltr'><strong>sionis</strong></span> <span class='ocrx_word' id='word_1_412' title='bbox 1125 3676 1318 3753; x_wconf 86' lang='lat' dir='ltr'><strong>iniringere,</strong></span> <span class='ocrx_word' id='word_1_413' title='bbox 1348 3677 1402 3738; x_wconf 90' lang='lat' dir='ltr'><strong>vel</strong></span> <span class='ocrx_word' id='word_1_414' title='bbox 1425 3678 1457 3738; x_wconf 90' lang='lat' dir='ltr'><strong>ei</strong></span> <span class='ocrx_word' id='word_1_415' title='bbox 1488 3693 1573 3738; x_wconf 87' lang='lat' dir='ltr'><strong>ausu</strong></span> <span class='ocrx_word' id='word_1_416' title='bbox 1600 3677 1780 3741; x_wconf 89' lang='lat' dir='ltr'><strong>temerario</strong></span> 
     </span>
     <span class='ocr_line' id='line_1_73' title="bbox 987 3774 1783 3851; baseline 0.001 -15"><span class='ocrx_word' id='word_1_417' title='bbox 987 3775 1165 3836; x_wconf 91' lang='lat' dir='ltr'><strong>contraire.</strong></span> <span class='ocrx_word' id='word_1_418' title='bbox 1182 3776 1217 3835; x_wconf 81' lang='lat' dir='ltr'><strong>Si</strong></span> <span class='ocrx_word' id='word_1_419' title='bbox 1232 3774 1306 3851; x_wconf 88' lang='lat' dir='ltr'><strong>quis</strong></span> <span class='ocrx_word' id='word_1_420' title='bbox 1322 3775 1432 3835; x_wconf 90' lang='lat' dir='ltr'><strong>autem</strong></span> <span class='ocrx_word' id='word_1_421' title='bbox 1443 3774 1506 3835; x_wconf 90' lang='lat' dir='ltr'><strong>boc</strong></span> <span class='ocrx_word' id='word_1_422' title='bbox 1521 3775 1684 3836; x_wconf 87' lang='lat' dir='ltr'><strong>attentare</strong></span> <span class='ocrx_word' id='word_1_423' title='bbox 1694 3791 1783 3851; x_wconf 87' lang='lat' dir='ltr'><strong>prae-</strong></span> 
     </span>
     <span class='ocr_line' id='line_1_74' title="bbox 988 3871 1781 3949; baseline -0.001 -15"><span class='ocrx_word' id='word_1_424' title='bbox 988 3872 1177 3949; x_wconf 89' lang='lat' dir='ltr'><strong>sumpserit,</strong></span> <span class='ocrx_word' id='word_1_425' title='bbox 1192 3871 1455 3947; x_wconf 79' lang='lat' dir='ltr'><strong>indignationem</strong></span> <span class='ocrx_word' id='word_1_426' title='bbox 1470 3872 1705 3948; x_wconf 88' lang='lat' dir='ltr'><strong>omnipotentis</strong></span> <span class='ocrx_word' id='word_1_427' title='bbox 1720 3872 1781 3933; x_wconf 87' lang='lat' dir='ltr'><strong>Dei</strong></span> 
     </span>
     <span class='ocr_line' id='line_1_75' title="bbox 988 3968 1783 4046; baseline -0.003 -15"><span class='ocrx_word' id='word_1_428' title='bbox 988 3971 1021 4032; x_wconf 91' lang='lat' dir='ltr'><strong>et</strong></span> <span class='ocrx_word' id='word_1_429' title='bbox 1047 3969 1220 4031; x_wconf 90' lang='lat' dir='ltr'><strong>beatorum</strong></span> <span class='ocrx_word' id='word_1_430' title='bbox 1251 3969 1342 4031; x_wconf 89' lang='lat' dir='ltr'><strong>Petri</strong></span> <span class='ocrx_word' id='word_1_431' title='bbox 1369 3970 1402 4031; x_wconf 94' lang='lat' dir='ltr'><strong>et</strong></span> <span class='ocrx_word' id='word_1_432' title='bbox 1429 3969 1525 4031; x_wconf 88' lang='lat' dir='ltr'><strong>Pauli</strong></span> <span class='ocrx_word' id='word_1_433' title='bbox 1555 3968 1783 4046; x_wconf 89' lang='lat' dir='ltr'><strong>apostolorum</strong></span> 
     </span>
     <span class='ocr_line' id='line_1_76' title="bbox 988 4066 1781 4146; baseline 0 -17"><span class='ocrx_word' id='word_1_434' title='bbox 988 4070 1060 4146; x_wconf 90' lang='lat' dir='ltr'><strong>ejus</strong></span> <span class='ocrx_word' id='word_1_435' title='bbox 1079 4084 1115 4128; x_wconf 90' lang='lat' dir='ltr'><strong>se</strong></span> <span class='ocrx_word' id='word_1_436' title='bbox 1135 4066 1266 4129; x_wconf 90' lang='lat' dir='ltr'><strong>noverit</strong></span> <span class='ocrx_word' id='word_1_437' title='bbox 1286 4067 1510 4127; x_wconf 88' lang='lat' dir='ltr'><strong>incursurum.</strong></span> <span class='ocrx_word' id='word_1_438' title='bbox 1537 4067 1655 4127; x_wconf 89' lang='lat' dir='ltr'><strong>Datum</strong></span> <span class='ocrx_word' id='word_1_439' title='bbox 1678 4068 1781 4129; x_wconf 88' lang='lat' dir='ltr'><strong>Late·</strong></span> 
     </span>
     <span class='ocr_line' id='line_1_77' title="bbox 987 4161 1782 4239; baseline -0.003 -12"><span class='ocrx_word' id='word_1_440' title='bbox 987 4166 1079 4237; x_wconf 88' lang='lat' dir='ltr'><strong>rani,</strong></span> <span class='ocrx_word' id='word_1_441' title='bbox 1106 4168 1135 4226; x_wconf 88' lang='lat' dir='ltr'>V</span> <span class='ocrx_word' id='word_1_442' title='bbox 1160 4163 1236 4224; x_wconf 90' lang='lat' dir='ltr'><strong>idus</strong></span> <span class='ocrx_word' id='word_1_443' title='bbox 1268 4163 1401 4239; x_wconf 91' lang='lat' dir='ltr'><strong>aprilis,</strong></span> <span class='ocrx_word' id='word_1_444' title='bbox 1431 4161 1645 4239; x_wconf 85' lang='lat' dir='ltr'><strong>pontificatus</strong></span> <span class='ocrx_word' id='word_1_445' title='bbox 1675 4163 1782 4226; x_wconf 89' lang='lat' dir='ltr'><strong>nostri</strong></span> 
     </span>
     <span class='ocr_line' id='line_1_78' title="bbox 988 4262 1231 4325; baseline -0.021 -1"><span class='ocrx_word' id='word_1_446' title='bbox 988 4279 1076 4325; x_wconf 88' lang='lat' dir='ltr'><strong>anno</strong></span> <span class='ocrx_word' id='word_1_447' title='bbox 1092 4262 1231 4322; x_wconf 90' lang='lat' dir='ltr'><strong>decimo.</strong></span> 
     </span>
    </p>
   </div>
   <div class='ocr_carea' id='block_1_16' title="bbox 1286 4482 1483 4569">
    <p class='ocr_par' dir='ltr' id='par_1_18' title="bbox 1286 4482 1483 4569">
     <span class='ocr_line' id='line_1_79' title="bbox 1286 4482 1483 4569; baseline 0 0"><span class='ocrx_word' id='word_1_448' title='bbox 1286 4482 1483 4569; x_wconf 80' lang='lat' dir='ltr'><strong>dxxviii</strong></span> 
     </span>
    </p>
   </div>
   <div class='ocr_carea' id='block_1_17' title="bbox 989 4633 1780 4695">
    <p class='ocr_par' dir='ltr' id='par_1_19' title="bbox 989 4633 1780 4695">
     <span class='ocr_line' id='line_1_80' title="bbox 989 4633 1780 4695; baseline -0.005 0"><span class='ocrx_word' id='word_1_449' title='bbox 989 4636 1041 4695; x_wconf 80' lang='lat' dir='ltr'><strong>Ad</strong></span> <span class='ocrx_word' id='word_1_450' title='bbox 1060 4633 1266 4695; x_wconf 80' lang='lat' dir='ltr'><strong>cortocatam</strong></span> <span class='ocrx_word' id='word_1_451' title='bbox 1286 4635 1319 4694; x_wconf 78' lang='lat' dir='ltr'><strong>S.</strong></span> <span class='ocrx_word' id='word_1_452' title='bbox 1348 4634 1525 4693; x_wconf 75' lang='lat' dir='ltr'><strong>Michaelis</strong></span> <span class='ocrx_word' id='word_1_453' title='bbox 1544 4633 1780 4692; x_wconf 82' lang='lat' dir='ltr'><strong>Vtrdaacasts.</strong></span> 
     </span>
    </p>
   </div>
   <div class='ocr_carea' id='block_1_18' title="bbox 1017 4755 1752 4953">
    <p class='ocr_par' dir='ltr' id='par_1_20' title="bbox 1017 4755 1752 4953">
     <span class='ocr_line' id='line_1_81' title="bbox 1262 4755 1585 4836; baseline -0.006 -16"><span class='ocrx_word' id='word_1_454' title='bbox 1262 4764 1295 4820; x_wconf 83' lang='grc'><strong>11</strong></span> <span class='ocrx_word' id='word_1_455' title='bbox 1313 4763 1411 4836; x_wconf 85' lang='lat' dir='ltr'><strong>aprilis</strong></span> <span class='ocrx_word' id='word_1_456' title='bbox 1430 4763 1509 4820; x_wconf 77' lang='lat' dir='ltr'><strong>laad.</strong></span> <span class='ocrx_word' id='word_1_457' title='bbox 1579 4755 1585 4766; x_wconf 88' lang='lat'>&#39;</span> 
     </span>
     <span class='ocr_line' id='line_1_82' title="bbox 1017 4883 1752 4953; baseline -0.01 -13"><span class='ocrx_word' id='word_1_458' title='bbox 1017 4892 1139 4953; x_wconf 81' lang='lat' dir='ltr'><strong>[liegest.‚</strong></span> <span class='ocrx_word' id='word_1_459' title='bbox 1150 4888 1196 4939; x_wconf 91' lang='lat' dir='ltr'><strong>lib.</strong></span> <span class='ocrx_word' id='word_1_460' title='bbox 1208 4888 1242 4947; x_wconf 87' lang='lat' dir='ltr'><strong>ll,</strong></span> <span class='ocrx_word' id='word_1_461' title='bbox 1252 4887 1327 4951; x_wconf 83' lang='lat' dir='ltr'><strong>epist.</strong></span> <span class='ocrx_word' id='word_1_462' title='bbox 1342 4886 1397 4937; x_wconf 73' lang='grc'><strong>217.</strong></span> <span class='ocrx_word' id='word_1_463' title='bbox 1408 4888 1466 4939; x_wconf 81' lang='lat' dir='ltr'><strong>llss.</strong></span> <span class='ocrx_word' id='word_1_464' title='bbox 1482 4886 1519 4935; x_wconf 80' lang='lat' dir='ltr'><strong>lat</strong></span> <span class='ocrx_word' id='word_1_465' title='bbox 1528 4884 1604 4935; x_wconf 83' lang='lat' dir='ltr'><strong>Porto</strong></span> <span class='ocrx_word' id='word_1_466' title='bbox 1613 4884 1647 4935; x_wconf 87' lang='lat' dir='ltr'><strong>du</strong></span> <span class='ocrx_word' id='word_1_467' title='bbox 1657 4883 1752 4947; x_wconf 73' lang='lat' dir='ltr'><strong>Tucia]</strong></span> 
     </span>
    </p>
   </div>
   <div class='ocr_carea' id='block_1_19' title="bbox 989 5008 1783 5473">
    <p class='ocr_par' dir='ltr' id='par_1_21' title="bbox 989 5008 1780 5277">
     <span class='ocr_line' id='line_1_83' title="bbox 989 5008 1779 5085; baseline -0.006 -13"><span class='ocrx_word' id='word_1_468' title='bbox 989 5011 1250 5085; x_wconf 80' lang='lat' dir='ltr'><strong>Statutaquaedam,</strong></span> <span class='ocrx_word' id='word_1_469' title='bbox 1273 5010 1309 5068; x_wconf 89' lang='lat' dir='ltr'><strong>ab</strong></span> <span class='ocrx_word' id='word_1_470' title='bbox 1329 5011 1456 5083; x_wconf 88' lang='lat' dir='ltr'><strong>ipsorum</strong></span> <span class='ocrx_word' id='word_1_471' title='bbox 1476 5008 1578 5066; x_wconf 87' lang='lat' dir='ltr'><strong>abbate</strong></span> <span class='ocrx_word' id='word_1_472' title='bbox 1601 5022 1688 5081; x_wconf 87' lang='lat' dir='ltr'><strong>super</strong></span> <span class='ocrx_word' id='word_1_473' title='bbox 1701 5008 1779 5067; x_wconf 87' lang='lat' dir='ltr'><strong>intir-</strong></span> 
     </span>
     <span class='ocr_line' id='line_1_84' title="bbox 1023 5097 1780 5187; baseline -0.005 -27"><span class='ocrx_word' id='word_1_474' title='bbox 1023 5118 1088 5187; x_wconf 87' lang='lat' dir='ltr'><strong>mos</strong></span> <span class='ocrx_word' id='word_1_475' title='bbox 1109 5100 1227 5175; x_wconf 91' lang='lat' dir='ltr'><strong>provide</strong></span> <span class='ocrx_word' id='word_1_476' title='bbox 1241 5100 1326 5169; x_wconf 88' lang='lat' dir='ltr'><strong>iactu,</strong></span> <span class='ocrx_word' id='word_1_477' title='bbox 1346 5097 1692 5169; x_wconf 77' lang='grc'><strong>1111111111111111111</strong></span> <span class='ocrx_word' id='word_1_478' title='bbox 1710 5112 1780 5156; x_wconf 90' lang='lat' dir='ltr'><strong>oon·</strong></span> 
     </span>
     <span class='ocr_line' id='line_1_85' title="bbox 1024 5190 1128 5277; baseline -0.019 -29"><span class='ocrx_word' id='word_1_479' title='bbox 1024 5190 1128 5277; x_wconf 74' lang='lat' dir='ltr'><strong>tirmat.</strong></span> 
     </span>
    </p>

    <p class='ocr_par' dir='ltr' id='par_1_22' title="bbox 1027 5303 1782 5377">
     <span class='ocr_line' id='line_1_86' title="bbox 1027 5303 1782 5377; baseline -0.007 -9"><span class='ocrx_word' id='word_1_480' title='bbox 1027 5307 1207 5375; x_wconf 89' lang='lat' dir='ltr'><strong>Honorius,</strong></span> <span class='ocrx_word' id='word_1_481' title='bbox 1241 5305 1316 5377; x_wconf 84' lang='lat' dir='ltr'><strong>etc,</strong></span> <span class='ocrx_word' id='word_1_482' title='bbox 1346 5304 1475 5365; x_wconf 90' lang='lat' dir='ltr'><strong>dilectis</strong></span> <span class='ocrx_word' id='word_1_483' title='bbox 1501 5303 1580 5364; x_wconf 85' lang='lat' dir='ltr'><strong>tiliis</strong></span> <span class='ocrx_word' id='word_1_484' title='bbox 1604 5304 1782 5366; x_wconf 91' lang='lat' dir='ltr'><strong>conventui</strong></span> 
     </span>
    </p>

    <p class='ocr_par' dir='ltr' id='par_1_23' title="bbox 990 5400 1783 5473">
     <span class='ocr_line' id='line_1_87' title="bbox 990 5400 1783 5473; baseline -0.006 -7"><span class='ocrx_word' id='word_1_485' title='bbox 990 5405 1104 5466; x_wconf 88' lang='lat' dir='ltr'><strong>Sancti</strong></span> <span class='ocrx_word' id='word_1_486' title='bbox 1133 5403 1307 5465; x_wconf 88' lang='lat' dir='ltr'><strong>Michaelis</strong></span> <span class='ocrx_word' id='word_1_487' title='bbox 1329 5400 1561 5473; x_wconf 82' lang='lat' dir='ltr'><strong>virdunensis,</strong></span> <span class='ocrx_word' id='word_1_488' title='bbox 1588 5400 1783 5461; x_wconf 89' lang='lat' dir='ltr'><strong>salutemet</strong></span> 
     </span>
    </p>
   </div>
   <div class='ocr_carea' id='block_1_20' title="bbox 140 5492 1511 5581">
    <p class='ocr_par' dir='ltr' id='par_1_24' title="bbox 140 5492 1511 5581">
     <span class='ocr_line' id='line_1_88' title="bbox 140 5492 1511 5581; baseline 0.004 -27"><span class='ocrx_word' id='word_1_489' title='bbox 140 5492 345 5557; x_wconf 80' lang='lat' dir='ltr'><strong>sufficienter</strong></span> <span class='ocrx_word' id='word_1_490' title='bbox 369 5497 409 5557; x_wconf 93' lang='lat' dir='ltr'><strong>ab</strong></span> <span class='ocrx_word' id='word_1_491' title='bbox 435 5498 484 5559; x_wconf 91' lang='lat' dir='ltr'><strong>eis</strong></span> <span class='ocrx_word' id='word_1_492' title='bbox 512 5515 612 5575; x_wconf 90' lang='lat' dir='ltr'><strong>super</strong></span> <span class='ocrx_word' id='word_1_493' title='bbox 639 5500 703 5573; x_wconf 90' lang='lat' dir='ltr'><strong>bis,</strong></span> <span class='ocrx_word' id='word_1_494' title='bbox 729 5518 787 5578; x_wconf 88' lang='lat' dir='ltr'><strong>pro</strong></span> <span class='ocrx_word' id='word_1_495' title='bbox 814 5504 933 5581; x_wconf 90' lang='lat' dir='ltr'><strong>quibus</strong></span> <span class='ocrx_word' id='word_1_496' title='bbox 988 5501 1211 5581; x_wconf 81' lang='lat' dir='ltr'><strong>apostolicam</strong></span> <span class='ocrx_word' id='word_1_497' title='bbox 1232 5500 1511 5562; x_wconf 88' lang='lat' dir='ltr'><strong>benedictionem.</strong></span> 
     </span>
    </p>
   </div>
   <div class='ocr_carea' id='block_1_21' title="bbox 140 5592 932 5674">
    <p class='ocr_par' dir='ltr' id='par_1_25' title="bbox 140 5592 932 5674">
     <span class='ocr_line' id='line_1_89' title="bbox 140 5592 932 5674; baseline 0.014 -24"><span class='ocrx_word' id='word_1_498' title='bbox 140 5592 419 5654; x_wconf 85' lang='lat' dir='ltr'><strong>excommunicati</strong></span> <span class='ocrx_word' id='word_1_499' title='bbox 452 5592 626 5669; x_wconf 88' lang='lat' dir='ltr'><strong>habentur,</strong></span> <span class='ocrx_word' id='word_1_500' title='bbox 659 5599 757 5674; x_wconf 78' lang='lat' dir='ltr'><strong>Juxta</strong></span> <span class='ocrx_word' id='word_1_501' title='bbox 793 5598 932 5661; x_wconf 79' lang='lat' dir='ltr'><strong>sormam</strong></span> 
     </span>
    </p>
   </div>
   <div class='ocr_carea' id='block_1_22' title="bbox 1028 5594 1779 5676">
    <p class='ocr_par' dir='ltr' id='par_1_26' title="bbox 1028 5594 1779 5676">
     <span class='ocr_line' id='line_1_90' title="bbox 1028 5594 1779 5676; baseline -0.009 -14"><span class='ocrx_word' id='word_1_502' title='bbox 1028 5602 1109 5662; x_wconf 90' lang='lat' dir='ltr'><strong>Cum</strong></span> <span class='ocrx_word' id='word_1_503' title='bbox 1119 5616 1138 5663; x_wconf 89' lang='lat' dir='ltr'><strong>a</strong></span> <span class='ocrx_word' id='word_1_504' title='bbox 1149 5598 1244 5663; x_wconf 89' lang='lat' dir='ltr'><strong>nobis</strong></span> <span class='ocrx_word' id='word_1_505' title='bbox 1259 5599 1392 5676; x_wconf 89' lang='lat' dir='ltr'><strong>petitur,</strong></span> <span class='ocrx_word' id='word_1_506' title='bbox 1407 5598 1483 5671; x_wconf 72' lang='lat' dir='ltr'><strong>etc,</strong></span> <span class='ocrx_word' id='word_1_507' title='bbox 1495 5610 1604 5671; x_wconf 75' lang='grc'><strong>11111</strong></span> <span class='ocrx_word' id='word_1_508' title='bbox 1615 5594 1779 5657; x_wconf 78' lang='lat' dir='ltr'><strong>effectum.</strong></span> 
     </span>
    </p>
   </div>
   <div class='ocr_carea' id='block_1_23' title="bbox 0 0 2124 6400">
    <p class='ocr_par' dir='ltr' id='par_1_27' title="bbox 0 0 2124 6400">
     <span class='ocr_line' id='line_1_91' title="bbox 0 0 2124 6400; baseline 0 0"><span class='ocrx_word' id='word_1_509' title='bbox 0 0 2124 6400; x_wconf 95' lang='lat' dir='ltr'><strong> </strong></span> 
     </span>
    </p>
   </div>
  </div>
 </body>
</html>
