4217 6400
172 321 212 381 45
797 273 1027 384 11111111.
1055 324 1196 384 11111.
1770 319 1816 378 11

172 481 313 544 salutem
329 483 362 544 et
373 481 599 559 Apostolicam‘
609 481 886 543 benedictionem.

214 583 294 642 Cum
313 595 333 640 a
354 579 449 640 nobis
474 578 596 655 petitur
611 578 696 656 quod
717 579 851 654 justum.
862 581 913 640 111
936 581 969 639 et

172 679 359 748 honestum,
376 678 442 740 tam
464 678 561 752 vigor
583 677 747 752 aequitatis
769 693 867 752 quam
887 675 967 736 ordo

172 777 278 852 exigit
292 775 444 843 rationis,
460 777 497 836 ut
515 774 546 834 id
563 791 623 850 per
639 774 896 835 sollicitudinem
913 773 967 834 os-

173 873 241 934 ficii
256 873 362 934 nostri
378 872 418 932 ad
430 872 575 934 debitum
592 872 791 948 perducatur
802 871 966 932 effectum.

173 972 367 1046 Eapropter,
385 970 498 1031 dilecti
524 971 559 1030 in
587 969 727 1030 Domino
753 969 823 1038 lilii,
845 969 966 1030 vestris

170 1069 271 1145 justis
298 1057 451 1144 precibus
472 1067 661 1128 inclinati...
688 1072 721 1126 et
741 1066 969 1125 (1111111111-

173 1166 259 1226 tram
273 1181 346 1226 cum
358 1164 510 1226 omnibus
524 1164 621 1224 bonis
636 1180 709 1240 quae
725 1165 759 1224 in
773 1165 969 1239 111111111-

173 1278 247 1322 rum
266 1262 511 1324 rationabiliter
531 1261 719 1336 possidetis,
741 1261 854 1321 autin
875 1260 967 1320 sutu-

174 1375 260 1431 rum,
277 1360 457 1435 praestante
474 1359 625 1428 Domine,
638 1357 738 1433 J'ustis
752 1358 857 1418 modis
871 1361 967 1434 pote-

174 1456 248 1517 ritis
262 1457 412 1533 adipisci,
430 1455 490 1516 sub
504 1456 594 1516 beati
609 1455 701 1516 Petri
717 1442 874 1517 11111111
891 1470 970 1529 pro-

172 1555 318 1616 tectione
363 1554 587 1630 suscipimus;
625 1553 815 1628 specialiter
856 1555 967 1613 autem

175 1650 347 1712 libertates
362 1651 395 1712 at
408 1651 633 1711 immunitates
650 1666 669 1710 a
685 1649 797 1726 priore
808 1649 848 1708 de
861 1648 967 1718 Blida,

175 1750 358 1810 conventus
384 1749 436 1808 sui
458 1747 634 1808 accedente
661 1761 837 1814 consensu,
856 1746 968 1806 1111-

173 1845 234 1906 bili
259 1845 334 1907 viro
358 1847 411 1905 W.
439 1845 479 1904 de
506 1845 617 1904 Crassi
649 1844 824 1903 fundatore
853 1843 969 1902 domus

173 1944 294 2004 vastrae
309 1943 365 2018 pia
387 1941 494 2002 eidem
516 1940 628 2002 domui
646 1939 846 2000 liberalitato
861 1939 969 2000 oolla-

173 2041 236 2112 tas,
260 2043 379 2111 terras,
395 2039 635 2115 possessiones
655 2038 776 2098 acatia
798 2036 971 2098 111111191-

173 2139 237 2209 tra,
256 2137 342 2198 sicut
357 2152 394 2198 ea
412 2137 524 2197 omnia
535 2135 823 2212 11111,11111111,
837 2135 870 2195 91
884 2135 971 2211 paci·

174 2235 237 2295 1111
249 2235 438 2311 possidetis
455 2249 495 2294 ac
514 2235 549 2294 in
569 2234 690 2295 litteris
712 2231 789 2293 inde
810 2232 969 2292 conlectis

174 2332 298 2393 dicitur
328 2331 501 2402 contineri,
531 2330 626 2392 robis
651 2330 683 2391 et
704 2345 763 2406 per
790 2346 849 2390 vos
874 2329 970 2390 dictae

175 2429 287 2491 domui
305 2429 501 2490 auctoritate
516 2428 706 2505 Apostolica
722 2429 967 2499 confirmamus,

175 2543 214 2588 ao
236 2527 410 2603 praesentis
436 2528 552 2603 scripti
576 2527 762 2602 patrocinio
784 2526 971 2586 communi-

174 2641 260 2695 mus,
283 2624 431 2687 districte
446 2624 645 2695 inhibentes
666 2640 707 2684 ne
733 2624 806 2700 quis
830 2623 870 2683 de
891 2623 972 2682 hor-

174 2722 277 2794 111
301 2722 455 2797 virgultis
480 2739 539 2781 seu
563 2723 749 2782 vestrorum
775 2720 970 2781 animalium

175 2819 399 2891 nutrimentis,
430 2819 574 2878 decimas
596 2835 616 2878 a
635 2818 731 2878 vobis
754 2818 889 2892 exigere
917 2816 970 2878 rel

175 2919 374 2993 extorquere
389 2919 579 2992 prasumat.
594 2915 686 2976 Nulli
701 2931 780 2990 ergo
797 2914 969 2974 hominum

177 3014 277 3075 liceat
302 3013 388 3074 hanc
407 3014 562 3090 paginam
592 3014 714 3073 nostrae
740 3012 967 3088 protectionis,

177 3111 450 3181 confirmationis,
477 3113 509 3172 et
537 3111 746 3171 inhibitionis
775 3109 976 3185 intringere,-

174 3208 229 3269 vel
241 3209 271 3269 ei
285 3225 369 3269 ausu
383 3208 563 3268 temerario
575 3208 753 3268 contraire.
770 3209 804 3267 Si
820 3208 968 3283 11111111-

174 3304 241 3366 tem
262 3304 324 3363 hoc
342 3306 506 3364 attentare
530 3304 788 3379 praesumpserit,
815 3304 970 3377 indigna-

175 3402 299 3461 tionem
320 3401 554 3477 omnipotentis
570 3402 628 3460 Dei
644 3400 676 3460 et
690 3400 861 3461 beatorum
879 3401 968 3461 Petri

176 3499 209 3557 et
222 3498 317 3558 Pauli
330 3499 562 3574 Apostolorum
576 3500 648 3573 ejus
659 3513 694 3557 se
707 3497 837 3558 noverit
850 3498 968 3557 incur-

176 3610 302 3655 surum.
319 3598 438 3656 Datum
454 3594 621 3665 Laterani,
638 3610 744 3655 nonas
758 3594 880 3665 martii,
892 3610 969 3670 pon·

175 3692 321 3753 tilicatus
336 3692 442 3754 nostri
455 3708 543 3753 anno
559 3692 697 3753 decimo.

539 3968 603 4053 CX

176 4118 229 4176 Ad
242 4117 377 4176 abbatas
397 4119 564 4190 triplatam,
581 4117 811 4177 oscarensem
826 4118 859 4177 ct
875 4120 968 4177 dccc·

215 4227 300 4273 11111
342 4216 629 4283 Virsilt'occrtrem,
657 4213 967 4274 Autissiodorensis

213 4310 247 4372 at
258 4312 429 4372 Editaust's
444 4312 611 4370 dioecesis.

455 4459 487 4515 ll
498 4458 591 4515 iuditii
605 4458 683 4515 illd.

195 4588 313 4654 [Regest.,
329 4588 374 4640 lib.
391 4590 423 4649 X,
434 4580 509 4653 epist.
520 4588 575 4638 atti.
597 4590 654 4639 biss.
667 4589 702 4639 La
714 4590 792 4638 Parte
803 4588 836 4637 du
847 4588 940 4650 Theti]

171 4722 349 4781 comitissam
382 4724 590 4779 Nivernensem
619 4721 671 4779 sub
692 4722 868 4795 protectione
892 4722 966 4778 beati

223 4811 298 4868 Petri
313 4810 421 4883 recipit,
439 4817 468 4866 et
483 4810 545 4883 ejus
560 4810 676 4867 tutelam
696 4810 739 4867 eis
751 4811 911 4867 committit.

211 4953 390 5024 Honorius,
412 4952 487 5024 otc,
505 4952 636 5014 dilectis
656 4952 773 5013 filiis...
800 4954 964 5029 Rigniaci,

172 5048 240 5108 et...
271 5047 409 5109 Corensi
437 5046 621 5118 abbatibus
640 5049 709 5108 et...
736 5048 966 5110 Virzialiceusi

172 5145 309 5217 decana,
336 5144 636 5205 Autissiodorensis
652 5145 684 5206 et
706 5145 867 5206 Eduensis
883 5147 968 5208 11111-

174 5242 271 5313 11111,
286 5242 439 5312 salutem,
457 5243 518 5301 etc.

213 5339 369 5410 Quamvis
382 5338 571 5415 Apostolica
594 5338 706 5409 Sedes,
729 5340 783 5400 cui
805 5340 884 5401 licet
902 5343 967 5400 im-

172 5437 284 5498 meriti
304 5436 531 5512 praesidemus,
558 5436 714 5512 tanquam
734 5437 964 5499 universorum

173 5534 279 5595 mater
291 5534 437 5594 fidelium
451 5533 604 5593 omnibus
619 5533 748 5610 aperiat
759 5535 889 5595 viscera
901 5537 967 5612 pie·

173 5632 264 5704 tatis,
275 5647 342 5693 non
355 5632 597 5697 tamenomnes
612 5631 733 5709 aequali
748 5630 870 5695 affectu
887 5649 967 5709 pro-

1022 482 1182 560 sequitur,
1200 481 1258 542 sed
1275 481 1352 544 illos
1367 482 1487 559 majori
1502 478 1723 558 praerogativa
1738 479 1817 538 dili-

1022 579 1123 654 git,et
1134 579 1286 649 honorat,
1296 595 1378 655 quos
1387 580 1422 639 in
1433 580 1608 639 devotione
1621 593 1681 637 sua
1692 576 1818 651 reperit
1864 622 1870 634 ,

1022 677 1254 752 promptiores.
1275 678 1344 736 Nos
1362 677 1467 750 igitur
1482 675 1701 743 devotionem,
1718 670 1817 750 quain
1901 720 1903 723 .

1023 773 1065 834 ad
1091 777 1273 834 Romanam
1303 774 1495 843 Ecclesiam,
1518 776 1550 833 11
1577 773 1618 833 ad
1639 787 1818 848 personam

1023 872 1172 930 nostram
1182 869 1306 958 nobilis
1317 870 1438 929 mulier
1451 872 1507 940 Μ.,
1523 868 1819 929 comitissaNiver·

1024 968 1137 1027 nensis
1148 967 1271 1028 habere
1287 964 1820 1041 (111111111111111911111111,111-

1023 1066 1075 1124 191
1089 1078 1264 1126 commune
1278 1063 1423 1123 debitum
1437 1064 1616 1138 pastoralis
1628 1062 1741 1133 cilicii,
1754 1078 1819 1138 quo

1024 1177 1139 1223 1111111
1168 1164 1201 1222 91
1224 1161 1483 1222 sollicitudinem
1504 1156 1680 1221 viduarum
1702 1173 1820 1234 gerere
1916 1220 1918 1223 .

1024 1261 1174 1336 cogimur
1189 1259 1366 1335 specialem
1385 1258 1448 1318 sibi
1469 1259 1611 1332 gratiam
1632 1257 1820 1317 exhibendo

1024 1359 1059 1417 in
1074 1358 1138 1424 bis,
1159 1373 1232 1433 quae
1252 1356 1434 1416 secundum
1449 1358 1553 1416 Deum
1567 1355 1709 1430 requirit
1724 1370 1742 1414 a
1758 1369 1821 1414 no-

1024 1454 1075 1514 bis
1089 1453 1259 1515 devotioni
1272 1470 1340 1513 suaa
1356 1452 1499 1513 libenter
1513 1452 1704 1524 annuimus,
1719 1452 1753 1512 et
1766 1451 1780 1510 l
1801 1481 1820 1496 ·

1024 1567 1138 1613 vorem
1166 1551 1266 1612 etiam
1288 1550 1478 1611 benivolum
1502 1550 1724 1626 impertimur.
1750 1552 1821 1620 Qua

1026 1650 1163 1724 propter
1177 1649 1327 1724 ejusdem
1342 1648 1521 1708 comitissae
1542 1647 1822 1723 postulationibus

1024 1748 1120 1820 grato
1140 1747 1376 1807 concurrentes
1395 1761 1547 1816 assensu,
1567 1759 1744 1820 personam
1765 1743 1821 1818 ip-

1025 1842 1096 1902 sius
1112 1859 1187 1902 cum
1199 1843 1352 1903 omnibus
1367 1843 1475 1914 bonis,
1492 1859 1566 1918 quae
1579 1843 1614 1901 in
1627 1842 1821 1918 praesentia-

1025 1955 1099 2000 rum
1115 1925 1360 2002 rationabiliter
1372 1940 1529 2016 possidet,
1544 1941 1602 2000 ant
1621 1941 1656 1998 11
1673 1939 1821 1999 futurum

1021 2039 1125 2115 justis
1154 2039 1271 2109 modis,
1300 2039 1480 2114 praestante
1517 2037 1672 2107 Domin0,
1703 2036 1825 2112 poterit

1025 2135 1177 2211 adipisci,
1198 2135 1258 2195 sub
1280 2135 1368 2196 beati
1389 2135 1481 2195 Petri
1499 2137 1533 2194 et
1555 2136 1669 2194 nostra
1687 2137 1821 2209 protec-

1027 2234 1117 2293 tione
1141 2233 1351 2308 suscipimus
1366 2249 1426 2308 per
1447 2232 1577 2292 litteras
1604 2213 1839 2292 1111111111-1

1025 2331 1158 2392 tristius
1174 2330 1375 2401 inhibentes,
1390 2346 1433 2390 ne
1453 2331 1528 2406 quis
1543 2329 1617 2389 sine
1632 2330 1820 2398 manifesta,

1026 2429 1060 2488 et
1073 2427 1265 2489 rationabili
1282 2443 1384 2488 causa
1398 2427 1434 2487 in
1456 2442 1635 2502 personam
1650 2443 1744 2486 suam
1760 2442 1823 2485 ex-

1026 2526 1348 2595 communicationis,
1378 2525 1410 2585 et
1436 2524 1471 2584 in
1498 2525 1623 2585 terram
1653 2524 1821 2585 interdicti

1028 2623 1211 2704 sententias
1241 2623 1453 2699 promulgare
1481 2625 1671 2698 praesumat,
1692 2634 1824 2696 semper

1025 2723 1137 2782 autem
1169 2720 1353 2781 admonitio
1387 2720 1549 2780 canonica
1586 2720 1818 2795 praemittatur,

1025 2818 1089 2877 nisi
1103 2818 1180 2878 talis
1190 2817 1292 2878 luerit
1300 2817 1414 2877 forsan
1422 2832 1591 2886 excessus,
1605 2817 1821 2892 quiordinem

1023 2914 1238 2997 judiciarium
1265 2929 1331 2974 non
1358 2914 1517 2989 requirat.
1547 2913 1597 2972 nd
1630 2913 1703 2973 haec
1728 2911 1845 2989 adji-¹

1025 3013 1152 3073 cientes
1165 3012 1352 3082 statuimus,
1370 3013 1407 3072 ut
1422 3012 1450 3070 si
1465 3011 1500 3070 in
1513 3010 1626 3086 aliquo
1642 3026 1820 3085 praesense-

1024 3110 1069 3170 rit
1079 3125 1115 3169 se
1124 3109 1270 3184 grauari,
1281 3109 1387 3169 libere
1399 3108 1464 3170 sibi
1478 3109 1578 3168 liceat
1591 3109 1708 3168 Sedem
1719 3111 1822 3183 Apos-

1023 3208 1159 3269 tolicam
1174 3208 1356 3284 appellare.
1376 3207 1503 3283 Siquis
1517 3222 1597 3267 vero
1612 3201 1820 3282 ’111111191-
1915 3250 1920 3257 .

1024 3305 1183 3366 lationem
1212 3305 1254 3364 ad
1281 3320 1341 3365 nos
1367 3305 1515 3380 legitime
1538 3304 1770 3380 interpositam
1784 3303 1820 3363 iu
1917 3369 1920 3373 q

1024 3418 1212 3477 personam,
1227 3402 1281 3461 vel
1297 3401 1467 3462 interdicti
1482 3402 1665 3462 sententias
1678 3402 1822 3476 promul·

1023 3500 1263 3575 gavanttpsas
1278 3500 1488 3559 decernimus
1501 3515 1567 3559 non
1580 3499 1694 3559 tenere
1707 3516 1714 3558 :
1729 3515 1820 3575 prae·
1879 3571 1880 3574 Ἴ

1023 3598 1116 3657 terea
1141 3596 1182 3656 de
1204 3596 1410 3671 benignitate
1423 3598 1615 3673 Apostolica
1640 3596 1748 3655 eidem
1768 3596 1823 3657 in·
1899 3648 1904 3657 .

1023 3692 1201 3764 dulsimuS,
1211 3681 1255 3753 'ut
1269 3694 1297 3752 si
1313 3694 1404 3753 terra
1419 3694 1526 3768 ipsius
1536 3693 1685 3753 extiterit
1695 3708 1822 3768 suppo-

1025 3790 1090 3851 sita
1099 3788 1275 3851 interdicto
1288 3790 1324 3849 in
1334 3805 1401 3849 una
1416 3790 1590 3850 dumtaxat
1604 3789 1821 3850 ecclesiarum

1023 3887 1102 3947 villa
1120 3887 1156 3946 in
1173 3902 1238 3963 qua
1253 3885 1364 3957 suerit,
1382 3903 1456 3947 cum
1472 3902 1532 3947 sen
1546 3887 1587 3947 de
1600 3887 1727 3947 familia
1743 3902 1816 3959 sua,

1022 3984 1131 4045 tribus
1141 3984 1298 4046 videlicet
1313 3986 1484 4055 masculis,
1500 3985 1534 4045 et
1546 3984 1684 4046 totidem
1701 3985 1823 4045 mulie-

1023 4082 1128 4154 ribus,
1166 4097 1186 4142 1
1219 4083 1356 4157 proprio
1383 4083 1490 4157 possit
1523 4081 1728 4157 presbytero,
1766 4081 1822 4158 qui

1023 4180 1224 4241 auctoritate
1237 4180 1363 4252 nostra,
1380 4179 1437 4238 sed
1451 4177 1616 4239 submissa
1631 4195 1713 4239 voce
1732 4180 1823 4240 cele-

1022 4276 1105 4346 bret,
1121 4276 1416 4336 excommunicatis
1435 4280 1467 4338 et
1490 4275 1676 4337 interdictis
1701 4276 1819 4337 exclu-

1022 4373 1219 4442 sisciensis
1240 4372 1368 4447 januis,
1391 4389 1458 4433 non
1471 4374 1613 4449 pulsatis
1634 4374 1817 4448 campanis,

1022 4469 1141 4529 audire
1156 4468 1280 4540 divina,
1296 4470 1373 4529 dum
1384 4472 1497 4530 tamen
1509 4472 1711 4531 comitissam
1726 4484 1821 4531 eam-

1021 4564 1096 4625 dem
1119 4565 1297 4627 interdicto
1322 4570 1482 4642 praestare
1505 4582 1641 4627 oausam
1672 4566 1819 4642 aliquam

1021 4678 1089 4724 non
1104 4664 1286 4739 contingat.
1300 4664 1462 4734 Quocirca
1478 4664 1685 4734 mandamus,
1701 4667 1820 4740 quale-

1021 4777 1085 4821 nus
1101 4760 1274 4837 praelatam
1287 4761 1490 4821 comitissam
1506 4764 1620 4823 contra
1634 4761 1816 4836 protectio-

1022 4873 1110 4929 nem,
1133 4858 1381 4930 inhibitionem,
1398 4858 1817 4919 11111111111111111111-

1021 4956 1208 5016 cessionem
1235 4956 1425 5031 hujusmodi
1450 4971 1517 5015 non
1546 4954 1746 5030 permittatis
1776 4956 1818 5015 ab

1021 5052 1133 5128 aliquo
1148 5051 1331 5121 molestari,
1344 5050 1572 5112 molestatores
1583 5050 1747 5112 indebitos
1758 5068 1818 5127 per

1022 5148 1477 5219 censuramecclesiasticam,
1487 5148 1712 5224 appellatione
1722 5155 1816 5225 post-

1020 5247 1141 5323 posita,
1172 5248 1433 5321 compescentes.
1465 5245 1556 5316 Quod
1581 5245 1611 5306 si
1645 5262 1712 5307 non
1739 5262 1815 5307 om-

1020 5345 1175 5415 191111.
1200 5346 1317 5404 Datum
1338 5343 1506 5415 Laterani,
1527 5346 1569 5405 lV
1592 5344 1667 5404 idus
1691 5344 1813 5415 martii,

1020 5456 1109 5501 anno
1124 5440 1263 5501 decimo.

1060 5542 1103 5598 In
1117 5540 1275 5599 eumdem
1289 5540 1429 5600 modum
1443 5539 1601 5615 scriptum
1622 5539 1672 5597 est
1693 5539 1737 5597 Μ.
1755 5554 1814 5599 co·

1020 5635 1171 5697 mitissae.
