4217 6400
79 301 216 362 -me

153 473 222 520 ram
236 455 395 528 vernam,
409 457 443 517 et
462 455 614 521 homines
629 454 665 516 in
687 455 835 518 reanum
854 471 943 532 prae-

149 553 308 631 Judicium
349 552 713 624 excommunicationis,
754 553 788 615 et
831 553 941 617 inter-

152 651 230 712 dicti
248 649 360 712 ierunt
389 649 581 722 sententias,
607 652 644 711 ut
669 650 718 711 sic
750 650 867 711 saltem
889 651 943 710 in-

152 747 273 808 directe
307 762 482 808 censuram
518 747 780 810 ecclesiasticam
817 747 855 808 in
881 763 942 809 ros

151 845 240 920 ipsos
267 845 456 916 exerceant,
486 859 586 921 quam
613 844 738 906 directe
760 846 940 922 nequeunt,

152 955 191 1002 eo
230 941 317 1020 quod
353 941 593 1006 monasterium
629 942 776 1004 vestrum
806 957 943 1018 exemp-

150 1035 249 1098 tionis
269 1037 415 1112 gaudere
431 1036 554 1102 dicitur
567 1038 754 1115 privilegio,
772 1053 940 1100 exercere.

150 1135 217 1193 Nos
226 1133 330 1209 igitur
340 1135 374 1195 et
389 1149 504 1195 eorum
519 1135 708 1212 hujusmodi
720 1134 856 1197 obviare
870 1151 943 1196 ma-

149 1229 240 1302 litiis,
265 1232 299 1292 at
323 1231 471 1308 eiusdem
486 1231 694 1300 monasterii,
715 1232 801 1308 quod
815 1231 856 1292 ad
878 1233 942 1293 Se-

149 1326 221 1388 dem
245 1327 468 1404 apostolicam
492 1328 684 1390 immediate
703 1328 826 1391 dicitur
839 1329 944 1407 perti-

149 1439 237 1495 nere,
267 1423 542 1487 indemnitatibus
565 1425 601 1486 in
625 1428 793 1501 posterum
814 1441 944 1503 praeca·

148 1532 225 1579 rere
238 1519 400 1592 volentes,
417 1521 614 1583 auctoritate
636 1523 851 1597 praesentium
872 1521 943 1583 dis·

148 1616 278 1677 trictius
292 1615 493 1688 inhibemus,
519 1632 562 1678 ne
576 1618 650 1694 quis
672 1619 790 1680 contra
814 1618 942 1681 indulta

146 1711 240 1775 robis
253 1713 369 1774 asede
377 1712 569 1790 Apostolica
580 1715 756 1792 privilegia
767 1715 808 1776 de
820 1718 941 1776 caetero

148 1810 283 1886 propter
304 1809 369 1871 boc
391 1811 476 1872 tales
504 1808 726 1894 [sententias]
756 1811 791 1872 ln
816 1813 942 1873 terram

147 1905 304 1981 vestram,
317 1923 377 1967 seu
393 1904 584 1987 [homines],
596 1909 669 1969 sine
679 1909 835 1970 mandato
846 1910 941 1970 Sedis

146 2003 346 2079 Apostolicae
360 2003 499 2080 speciali
512 2001 614 2083 [terre
627 2003 832 2086 praesumatl.
849 2007 942 2068 Nulli

146 2115 238 2175 ergo,
255 2103 331 2173 etc,
354 2102 477 2163 nostra
496 2100 718 2175 inhibitionis,
736 2105 798 2164 etc.
817 2103 852 2164 si
868 2105 941 2181 quis

147 2198 269 2269 autem,
293 2199 355 2259 etc.
381 2197 501 2259 Datum
520 2199 688 2269 Laterani,
707 2201 768 2262 VII
789 2199 863 2261 idus
887 2200 941 2263 ie-

148 2292 288 2368 bruarii,
303 2309 391 2356 anno
401 2295 587 2357 undecimo.

486 2596 597 2690 LXII

243 2765 296 2824 Ad
309 2765 349 2824 Α.
361 2763 590 2838 praepositum
603 2764 838 2826 Orcdtenscm.

406 2899 440 2961 ta
452 2897 585 2961 lebruarii
599 2901 678 2960 1227.

307 3022 404 3094 [trien
412 3022 473 3078 cot.
486 3022 550 3091 dipl.
560 3023 656 3091 unna..
666 3025 698 3088 ll,
710 3023 779 3095 {02}

147 3146 335 3208 Concordiam
365 3147 439 3205 inter
468 3148 651 3221 proportioni
683 3148 881 3219 orodienscm,
912 3155 944 3208 ot

178 3236 338 3295 Iohannem
349 3234 532 3309 capuciuma
545 3251 578 3293 se
591 3236 818 3309 denominatum,
828 3236 942 3296 conlec-

180 3322 386 3393 tam,roborat.

185 3448 365 3521 Honorius,
396 3449 472 3521 etc,
504 3451 543 3509 A.
568 3449 749 3527 praeposito
775 3450 941 3513 orodien-

146 3544 186 3619 si,
200 3545 265 3611 eto·
789 3570 793 3576 ’

184 3644 265 3703 cum
277 3656 385 3718 nuper
398 3641 441 3709 ad
456 3641 575 3708 sedem
588 3643 814 3720 apostolicam
825 3658 943 3709 acces-

143 3738 338 3811 sisses,orta
347 3738 435 3800 inter
444 3741 477 3801 te
491 3754 530 3801 ac
541 3740 697 3807 dilectum
706 3742 812 3803 fllium
821 3744 840 3804 J
843 3742 944 3803 oban-

142 3850 219 3897 nem
235 3834 417 3915 capucium
429 3836 668 3898 subdiaconum
685 3839 718 3899 et
732 3838 942 3915 capellanum

141 3932 305 4002 nostrum,
321 3946 420 4007 super
432 3934 653 4008 praepositura
673 3934 866 3995 orodiensis
881 3950 940 3995 ec-

142 4027 258 4088 clesiae
271 4027 466 4102 quaestione,
482 4028 640 4089 dilectum
662 4030 768 4091 fllium
791 4032 942 4109 nostrum

142 4120 322 4201 potrum),
333 4124 368 4183 s.
379 4124 512 4198 Georgii
524 4122 567 4184 ad
577 4123 696 4184 velum
708 4129 853 4187 Aureum
867 4128 943 4189 dla-
998 4185 1004 4197 ,

142 4234 264 4281 conum
278 4218 496 4293 cardinalem,
512 4219 663 4297 partibus
678 4220 828 4282 dedimus
839 4224 941 4285 audl-

140 4319 260 4387 torem,
282 4330 395 4378 coram
414 4332 478 4393 quo
498 4332 599 4395 super
612 4317 833 4394 praepositura
854 4336 943 4396 prae-

141 4412 941 4491 satannioetanquandiudiscepntunnnndnm

139 4510 230 4573 inter
240 4525 315 4582 vos,
328 4510 491 4575 cardinali
504 4512 671 4577 mediante
685 4513 835 4589 prolato,
852 4515 941 4577 ami·-

140 4606 797 4691 cabiliscomporitiointercoesit,qunm,
810 4611 941 4689 ottpo·

142 4702 261 4765 stolico
283 4702 498 4777 dignaremur
524 4704 709 4767 munimine
734 4706 943 4775 roborares

142 4794 239 4859 nobie
254 4795 426 4863 humiliter
439 4798 644 4873 merosus.
666 4800 735 4866 Nos
750 4800 855 4877 icitur
874 4802 942 4864 tuis

143 4889 270 4953 devotis
281 4891 435 4967 precibus
443 4891 942 4972 incunati,inconpoeitionem

137 4986 347 5063 jamdictam,
363 4988 450 5053 sicut
463 4990 537 5054 sine
549 4989 714 5067 pravitate
727 4991 816 5059 iacta
831 4997 893 5065 est,
909 4994 944 5061 et

141 5082 185 5143 ab
200 5082 342 5161 utraque
355 5086 450 5161 perte
462 5087 607 5163 recepto,
623 5088 824 5155 auctoritate
834 5092 944 5167 Apos·

140 5177 244 5247 tolica
276 5180 523 5255 confirmamus,
554 5183 590 5245 et
616 5185 791 5260 presentis
827 5186 943 5264 scripti

142 5275 329 5351 patrocinio
340 5277 594 5345 commuuimus.
615 5280 709 5347 Nulli
721 5296 803 5358 oreo
817 5284 943 5351 nostro

144 5371 420 5446 confirmationis,
447 5377 510 5441 eto.
551 5375 588 5439 Si
621 5377 695 5457 quis
727 5378 849 5452 autem
878 5380 942 5447 eto·

142 5468 263 5625 dbatum
278 5470 447 5543 Laterani,
462 5473 492 5537 11
506 5471 582 5541 idus
597 5470 769 5547 fabruarii,
786 5490 874 5543 enno
885 5491 945 5544 un·

166 5578 285 5625 ocimo.

291 5734 405 5780 remon.
419 5738 492 5783 rone
507 5726 541 5785 v.

768 295 997 358 EPISTOLAE.
1021 299 1099 360 LIB.
1122 295 1179 357 XI.

1328 463 1457 555 LXIII

1129 610 1182 672 Ad
1195 609 1390 686 cotteanum
1410 609 1658 671 Mortnartrem.

1260 738 1293 795 15
1302 736 1436 794 februarii
1452 737 1531 795 1227.

1027 849 1200 916 magestdib.
1211 851 1338 916 x1,0pisr.
1350 850 1405 902 oct.
1414 851 1472 902 ltss.
1487 851 1607 903 LaPorte
1619 849 1653 902 dn
1665 849 1760 916 sicit]

997 976 1076 1033 Facit
1090 977 1117 1033 ei
1132 983 1300 1050 potestatem
1313 975 1720 1048 clericosquosdamdiecesis
1732 991 1793 1038 sua

1031 1063 1080 1136 qui
1114 1065 1144 1120 in
1175 1065 1501 1125 excommunicationem
1525 1065 1613 1122 variis
1633 1063 1670 1122 de
1697 1065 1794 1122 causis

1031 1153 1209 1209 incurrerant
1220 1152 1395 1210 absolvendi.
1593 1147 1597 1156 '

1037 1278 1215 1352 Honorius,
1232 1279 1308 1350 etc,
1324 1277 1510 1342 venerabili
1536 1276 1671 1343 tratri...
1701 1277 1793 1362 epis·

996 1389 1079 1450 copo
1093 1374 1286 1452 liminensi,
1304 1374 1455 1450 salutern,
1470 1377 1531 1436 etc.

1036 1473 1086 1536 Ex
1099 1474 1193 1548 parte
1203 1471 1331 1534 inaruit
1343 1471 1548 1549 propositum
1563 1470 1791 1543 coramnobis,

997 1567 1083 1644 quod
1096 1567 1247 1638 nonnulli
1262 1567 1322 1631 tibi
1342 1567 1465 1632 subditi
1481 1568 1672 1640 saeculares,
1691 1569 1724 1630 et
1738 1583 1795 1631 re-

996 1664 1131 1742 gulares
1150 1665 1264 1730 clerici
1288 1667 1355 1727 tuae
1381 1665 1535 1728 dioecesis
1561 1681 1621 1747 pro
1646 1664 1795 1729 violenta

995 1776 1155 1826 manuum
1177 1761 1356 1840 injectione
1379 1762 1415 1823 in
1430 1777 1590 1840 personas
1604 1761 1792 1838 religiosas,

996 1858 1030 1921 et
1043 1856 1182 1921 clericos
1193 1857 1372 1921 saecdleres
1387 1858 1421 1921 in
1437 1873 1597 1924 canonem
1605 1857 1795 1920 inciderunt

996 1955 1169 2020 sententiae
1185 1956 1414 2034 promulgatae,
1432 1971 1471 2017 ac
1496 1955 1581 2016 alias
1604 1971 1663 2031 pro
1676 1955 1796 2018 incen-

996 2050 1072 2121 diis,
1090 2052 1123 2114 ei
1136 2053 1264 2130 rapinis
1279 2053 1351 2130 ipso
1368 2051 1454 2117 iacto
1475 2051 1796 2116 excommunicatio-

997 2149 1050 2209 nis
1063 2150 1261 2214 sententiam
1274 2149 1497 2216 incurrerunt.
1514 2149 1653 2222 Quidam
1664 2164 1795 2232 quoque

996 2244 1229 2324 predictorum
1244 2245 1449 2322 regularium
1476 2247 1658 2311 simoniace
1672 2247 1708 2312 in
1723 2247 1794 2310 suis

997 2342 1148 2409 ecclesiis
1165 2343 1243 2406 sunt
1254 2342 1391 2422 recepti,
1408 2343 1633 2420 quidamrero
1648 2343 1796 2412 celebra·

997 2439 1400 2507 veruntencommunicati
1411 2439 1795 2521 divinareliquiautem,

996 2535 1217 2600 absolutionis
1232 2535 1394 2601 beneflcio
1409 2551 1475 2600 non
1491 2536 1635 2610 obtento,
1651 2553 1695 2602 ex
1707 2538 1794 2599 sim-

996 2633 1148 2713 plicitate
1169 2648 1208 2694 ac
1226 2633 1418 2713 ignorantia
1438 2649 1553 2700 sacros
1574 2637 1796 2718 susceperunt

997 2729 1143 2806 ordines,
1159 2735 1193 2794 at
1213 2731 1445 2796 ministrarunt
1470 2732 1570 2794 etiam
1589 2732 1625 2796 in
1653 2733 1793 2797 eirdem.

998 2827 1091 2896 Unde
1114 2828 1211 2896 nobis
1234 2827 1406 2894 humiliter
1425 2829 1631 2909 supplicasti,
1657 2829 1694 2891 ut
1719 2846 1795 2895 cum

996 2926 1126 2991 metuas
1142 2926 1183 2990 ad
1198 2928 1346 2990 nostram
1363 2927 1721 3008 praesentiammittero
1738 2943 1796 2988 re·

996 3021 1142 3098 gulares,
1157 3037 1198 3084 ne
1213 3024 1415 3100 vagarentur
1427 3023 1603 3098 veniendo,
1616 3024 1650 3086 et
1660 3023 1792 3096 salutis,

997 3121 1093 3200 cujus
1107 3135 1210 3184 causa
1222 3119 1387 3192 venirent,
1397 3120 1797 3186 incurrerentdetrimen·

996 3218 1078 3289 tum,
1104 3218 1138 3281 et
1162 3218 1313 3295 predico
1341 3219 1521 3281 saeculares
1549 3218 1732 3296 debilitate,
1762 3222 1798 3283 et

997 3314 1193 3391 paupertate
1205 3314 1334 3389 gravati
1349 3316 1391 3379 ad
1410 3331 1472 3379 nos
1486 3317 1602 3379 venire
1625 3333 1694 3383 non
1712 3333 1795 3399 pos-

997 3410 1076 3481 sint,
1106 3410 1274 3487 provideri
1301 3427 1402 3488 super
1426 3411 1491 3473 hoc
1517 3412 1664 3489 ipsorum
1694 3414 1796 3475 saluti

996 3506 1258 3569 misericorditer
1285 3507 1510 3583 dignaremur.
1539 3509 1623 3581 Quia
1646 3526 1726 3571 vero
1755 3510 1796 3572 de

996 3605 1064 3665 tuae
1078 3602 1297 3666 fraternitatis
1308 3603 1483 3681 prodentia
1492 3606 1622 3681 plenam
1639 3606 1795 3669 fiduciam

996 3698 1194 3774 obtinemus,
1208 3702 1467 3779 perApostolica
1480 3701 1541 3769 tibi
1559 3703 1684 3781 scripta
1699 3720 1795 3765 man-

997 3798 1125 3869 damus,
1141 3798 1303 3875 quatenus
1318 3796 1382 3859 hac
1402 3798 1475 3860 vice
1497 3801 1794 3863 excommunicatis

975 3958 980 3967 ,
996 3894 1133 3967 eisdem,
1148 3894 1214 3955 nisi
1226 3910 1286 3971 pro
1302 3894 1441 3967 disllclli,
1463 3896 1496 3958 et
1510 3898 1638 3958 enormi
1653 3912 1794 3959 excessu

997 3991 1037 4054 ad
1062 3992 1179 4055 sedem
1194 3992 1415 4069 Apostolicam
1433 3993 1501 4055 sint
1518 3994 1681 4067 mlttendi,
1694 3996 1793 4073 juxta

996 4088 1136 4153 formam
1160 4088 1317 4155 Ecclesiae
1345 4088 1542 4154 beneficium
1570 4090 1792 4156 absolutionis

995 4186 1179 4260 rmpendas,
1196 4186 1230 4246 et
1247 4184 1334 4246 tacto
1360 4185 1401 4249 de
1421 4185 1626 4255 simoniacis
1651 4189 1739 4265 quod
1757 4190 1793 4251 in

995 4280 1163 4354 generalis
1185 4280 1422 4346 constitutione
1438 4282 1577 4350 concilii
1592 4285 1790 4356 continetur.

996 4392 1097 4455 super
1111 4375 1187 4439 aliis
1200 4364 1304 4441 iacias
1319 4392 1394 4441 cum
1409 4380 1589 4457 predictis,
1613 4381 1699 4459 quod
1717 4381 1794 4445 ani-

996 4488 1126 4539 marum
1164 4466 1298 4541 suarum
1329 4476 1430 4539 saluti
1466 4476 1591 4541 videris
1620 4478 1790 4563 expedire.

996 4571 1116 4631 Datum
1131 4570 1298 4645 Laterani,
1314 4572 1374 4641 XV
1388 4572 1549 4641 kalendas
1564 4574 1687 4651 martti,
1703 4592 1792 4641 anno

996 4666 1183 4731 undecimo.

1332 4810 1456 4897 LXIV

1112 4950 1164 5011 Ad
1189 4952 1419 5023 Frtdartccm,
1442 4952 1679 5017 Romanorum

1263 5047 1522 5125 imperatorem.

1257 5169 1290 5231 at
1305 5166 1439 5229 tebrunn
1456 5170 1535 5231 1227.

1108 5281 1392 5353 [linillord-Brtholter,
1406 5282 1470 5335 ilict
1482 5283 1557 5350 dipl,
1566 5286 1600 5349 ll,
1615 5286 1683 5353 m]

998 5398 1072 5454 hm
1090 5395 1220 5453 beentur
1232 5394 1268 5453 ad
1286 5396 1472 5459 relaxandum
1492 5398 1619 5458 bennum
1636 5402 1794 5475 imperiale,

1140 5485 1187 5545 cri
1200 5483 1302 5547 clrior
1312 5484 1437 5545 moiun
1453 5486 1579 5560 nbjoerc
1593 5486 1654 5548 tuit.

1044 5600 1211 5661 Honorius
1219 5600 1405 5680 episcopus,
1415 5617 1531 5665 servus
1542 5618 1712 5667 servorum
1725 5608 1795 5683 bei,

1578 5738 1592 5792 7
