4217 6400
323 340 382 402 179

322 497 505 560 incurratis
518 497 691 569 offensam,
705 511 778 574 quae
789 497 889 560 166116
902 497 945 558 16
954 497 1050 560 66116
1061 515 1117 575 6ο-

322 597 398 666 1661,
410 595 542 672 quando
556 597 636 666 6611,
651 610 783 658 sumere
792 596 965 667 ultionem,
982 597 1040 657 sed
1060 612 1116 672 pc·

323 692 402 764 tius,
418 693 558 756 Domino
572 693 745 768 largiente,
762 708 822 769 per
833 709 947 754 reram
961 692 1116 754 obedien·

323 789 927 867 1666166616166611661661666616
942 790 1115 866 utriusque

323 888 519 949 mereamini
530 887 672 963 gratiam
688 889 722 948 et
735 887 893 949 savorem.
911 889 1030 950 Datum
1045 888 1114 947 La-

322 985 444 1055 terani,
456 986 532 1047 XVI
546 984 614 1046 161.
631 983 804 1056 februarii,
822 999 909 1046 anno
925 984 1112 1046 undecimo

634 1275 799 1362 XLVIII

322 1427 375 1484 Ad
395 1425 602 1499 potestatem
624 1426 660 1487 61
681 1431 845 1501 populum
873 1424 1112 1488 (6166616666.

589 1555 622 1612 18
633 1555 758 1628 ianuarii
770 1556 849 1612 latr.

384 1676 515 1739 [Theinen
528 1676 588 1728 cod.
599 1677 663 1741 dipl.
671 1677 741 1728 dom.
751 1682 842 1740 temp„
853 1677 873 1735 l,
889 1675 929 1734 aa,
939 1690 965 1725 n.
985 1674 1053 1740 138]

323 1798 511 1858 Urbevetonis
520 1800 639 1872 aliisque
648 1799 1031 1873 tidelibusinpatrimonioli.
1041 1797 1115 1856 Petri

358 1903 409 1959 per
420 1890 552 1945 Tusciam
567 1889 737 1956 constitutis,
750 1896 779 1945 61
793 1888 896 1946 166661
908 1887 971 1958 regi
985 1887 1115 1943 Hieroso

357 1977 495 2048 lymiteno
510 1978 613 2034 rectori
626 1977 737 2034 166616
748 1975 892 2034 obediant.

361 2103 528 2162 Honorius
554 2103 743 2179 episcopus,
773 2099 1005 2173 616.,11166116
1035 2097 1114 2159 fillis

321 2199 476 2275 potestati
511 2200 545 2260 et
582 2199 703 2275 populo
739 2197 976 2270 Urbevetanis,
1018 2195 1114 2257 salu·

324 2296 401 2365 tem,
415 2298 477 2356 616.

360 2392 519 2452 volentes
534 2392 701 2452 carissimi
721 2393 756 2452 in
776 2391 907 2453 christo
931 2389 992 2450 filii
1008 2390 1115 2452 nostri

323 2489 463 2550 ioannis
477 2488 770 2566 Hierosolymitani
786 2489 875 2565 regis
890 2487 1031 2548 illustris
1046 2487 1112 2548 16-

323 2601 445 2646 666666
456 2600 645 2662 66666666,
660 2588 693 2648 61
707 2586 862 2646 similiter
878 2584 971 2647 66116
990 2585 1023 2646 61
1037 2585 1114 2646 61116

322 2681 475 2742 fidelibus
490 2683 613 2743 nostris
628 2682 661 2741 16
677 2683 875 2759 patrimonio
885 2681 1041 2743 Ecclesiae
1056 2697 1116 2759 per

284 2816 288 2825 ·
322 2779 477 2840 Tusciam
488 2779 676 2841 constitutis
696 2794 755 2856 per
769 2779 929 2840 honorem
955 2779 1019 2856 ipsi
1042 2777 1114 2854 regi

321 2875 506 2938 exhibitum
521 2876 706 2954 providere,
725 2892 877 2952 magnam
892 2876 1018 2952 partein
1029 2878 1117 2952 ejus·

323 2973 397 3034 dem
412 2973 616 3050 patrimonii,
632 2972 719 3035 siout
733 2975 855 3036 nostrae
870 2972 989 3033 litterae
1011 2988 1116 3047 gene-

322 3069 412 3132 rales
436 3085 496 3130 666
520 3070 650 3148 6166166
665 3069 859 3142 616661661,
876 3072 948 3147 ejus
972 3085 1061 3130 curae
1076 3083 1115 3130 ac

322 3167 489 3243 regimini,
507 3166 665 3245 quamdiu
679 3167 835 3230 Ecclesiae
860 3167 1018 3229 Romanae
1041 3165 1116 3245 pla·-

323 3269 442 3336 cuerit,
458 3267 613 3329 duximus
626 3267 904 3332 committendam.
929 3266 1013 3339 Quia
1035 3281 1114 3343 ergo

325 3364 503 3441 specialem
532 3362 693 3427 1666116
727 3363 881 3425 fiduciam
915 3363 1114 3435 obtinemus,

325 3461 488 3539 speciales
503 3460 680 3540 66666166
706 3460 802 3523 robis
817 3460 946 3523 litteras
961 3459 1114 3522 destina-

322 3559 709 3630 6166666616666116166
730 3560 878 3623 vestram
891 3560 1063 3622 monentes
1082 3556 1116 3623 et

321 3655 642 3727 1661661666116616,
665 3671 705 3719 66
727 3671 788 3732 666
807 3654 997 3733 apostolica
1019 3654 1115 3717 robis

319 3752 445 3831 scripta
475 3752 616 3818 tirmiter
647 3752 871 3830 praecipiendo
906 3751 1112 3823 mandantes,

320 3850 407 3926 quod
423 3848 605 3913 secundum
625 3850 744 3912 vestrae
768 3850 923 3925 potentiae
946 3848 1116 3923 magnitu-

320 3946 431 4006 dinem
446 3946 511 4022 ipsi
530 3945 604 4020 regi
619 3944 794 4021 magnifice
816 3944 953 4021 obsequi
976 3945 1114 4005 studea-

318 4041 374 4112 tis,
390 4042 544 4105 61666166
557 4040 659 4104 tultus
674 4040 833 4119 obsequio
844 4041 948 4117 possit
957 4043 1055 4117 Juxta
1067 4040 1116 4101 in·

317 4138 500 4200 tentionem
520 4140 667 4201 nostram
688 4138 806 4199 sedare
832 4136 1028 4209 discordias,
1054 4152 1113 4199 re-

319 4234 465 4297 formare
487 4251 612 4312 pacem,
632 4235 800 4299 custodire
822 4235 956 4306 stratas,
980 4232 1113 4306 616116,

319 4348 393 4411 quae
403 4333 445 4394 ad
461 4332 622 4395 honorem
635 4332 835 4413 Apostolicae
852 4331 958 4404 Sedis,
973 4331 1006 4393 et
1017 4333 1115 4393 tran-

320 4430 518 4514 quillitatem
533 4431 566 4491 et
582 4430 705 4492 statum
719 4433 818 4491 terrae
842 4428 907 4489 sibi
929 4428 1114 4491 commissae

319 4528 507 4603 pertinent,
551 4524 733 4587 6116661166
773 4540 949 4597 exercere,
989 4540 1115 4601 nosque

319 4640 416 4701 quem
432 4625 592 4685 bonorem
607 4622 694 4685 dicto
721 4622 792 4699 regi
805 4622 990 4684 exhibitum
1017 4622 1116 4683 exhi-

318 4720 391 4781 1661
416 4720 644 4796 reputabimus
669 4718 878 4797 nobisipsis,
905 4718 1114 4781 devotionem

318 4820 465 4879 vestram
487 4818 520 4878 et
535 4816 632 4879 tidem
648 4815 880 4881 commendare
901 4816 1020 4877 merito
1049 4814 1113 4877 de-

317 4913 466 4977 beamus.
480 4915 599 4977 Datum
614 4914 782 4987 Laterani,
803 4914 831 4975 V
846 4912 914 4975 kal.
938 4912 1112 4986 februarii,

317 5013 530 5089 pontificatus
541 5011 647 5075 nostri
661 5026 750 5073 anno
762 5010 952 5074 undecimo.

358 5166 402 5225 16
415 5166 573 5224 66661666
593 5164 913 5237 66661666666161661
930 5162 1112 5239 66166166-

319 5260 443 5323 tatibus
459 5258 634 5336 616666116
655 5260 930 5331 Vetrallensibus,
955 5258 1113 5319 ’1616611-

318 5358 384 5428 616,
401 5357 733 5433 Balneoregensibus,
750 5355 1028 5428 Tuscanensibus,
1045 5358 1116 5415 Au-

318 5453 532 5525 reliensibus,
575 5453 783 5525 Cornetenis,
834 5450 1112 5523 viterbiensibus,

318 5549 571 5621 Ortanensibns,
586 5552 776 5627 Nepesinis,
793 5550 951 5620 Sutrinis,
968 5548 1115 5611 civitatis

321 5650 519 5713 castellane
530 5650 564 5709 61
578 5648 701 5727 666616
715 5648 889 5709 Ρ6666166.

938 339 1118 402 HONORII
1137 340 1185 402 111
1205 343 1354 406 OPERA.

1504 511 1627 599 XLIX

1200 690 1252 748 Ad
1263 691 1418 761 priorem
1435 690 1776 761 61611616616166,
1793 693 1929 752 ordtittr

1440 788 1688 852 cisterciense.

1432 915 1465 972 18
1477 914 1602 989 januarii
1617 915 1699 974 latr.

1270 1035 1367 1102 [1116661
1382 1037 1463 1100 Opera
1480 1037 1613 1104 diplomat.
1627 1037 1777 1098 611161.,11,
1792 1038 1861 1104 851]

1169 1166 1300 1225 Pontifex
1312 1169 1508 1240 tranquillitati
1517 1183 1552 1226 ac
1566 1171 1653 1241 quieti
1668 1169 1874 1228 monachorum
1884 1172 1961 1230 166-

1203 1255 1463 1400 delrrsiummrdinis
1473 1257 1680 1328 cisterciensis,
1689 1257 1764 1331 apud
1774 1259 1887 1318 insulas
1896 1273 1964 1316 con-

1204 1359 1238 1402 su
1250 1347 1280 1402 it.

1208 1471 1570 1550 Honoriusepiscopus,
1580 1489 1697 1534 servus
1706 1489 1878 1536 servorum
1887 1477 1960 1544 Dei,

1169 1566 1299 1629 dilectis
1314 1568 1393 1632 tiliis
1407 1568 1519 1631 abbati
1531 1575 1565 1632 et
1579 1571 1682 1646 priori
1698 1571 1738 1632 16
1751 1573 1826 1642 166,
1841 1573 1965 1632 Cister-

1168 1663 1291 1726 ciensis
1306 1665 1444 1738 ordinis,
1460 1667 1681 1727 'tornacensis
1705 1667 1870 1740 dioecesis,
1900 1685 1963 1730 sa-

1169 1761 1270 1823 lutem
1285 1763 1319 1823 61
1331 1763 1555 1838 Apostolicam
1565 1763 1839 1826 benedictionem.

1209 1859 1289 1918 Cum
1315 1875 1404 1936 saepe
1429 1861 1601 1936 contingat
1627 1864 1761 1938 propter
1781 1877 1962 1923 causarum

1170 1955 1387 2030 cognitiones,
1412 1973 1486 2033 quae
1500 1957 1594 2019 vohis
1617 1957 1851 2035 frequentare
1876 1961 1964 2020 Sede

1168 2053 1358 2126 apostolica
1378 2055 1636 2126 committuntur,
1659 2057 1695 2115 in
1719 2055 1813 2116 vobis
1836 2059 1962 2117 sanctas

1169 2149 1457 2225 contemplationis
1475 2151 1578 2214 otium
1594 2153 1758 2228 impediri,
1775 2154 1808 2213 et
1820 2167 1962 2214 monas-

1169 2245 1289 2308 terium
1309 2251 1455 2308 vestrum
1475 2264 1541 2310 non
1563 2250 1727 2312 modicam
1750 2249 1961 2310 1616166616-

1169 2357 1244 2402 nem
1259 2344 1419 2416 incurrat,
1435 2347 1624 2408 6666661616
1639 2347 1789 2407 inclinati
1803 2345 1959 2422 precibus

1169 2441 1203 2501 61
1216 2441 1319 2516 quieti
1333 2443 1452 2502 6661666
1462 2442 1635 2518 providere
1645 2443 1919 2515 misericorditer,
1929 2445 1965 2504 61

1169 2537 1378 2600 indemnitati
1393 2540 1540 2615 ejusdem
1563 2541 1758 2604 monasterii
1784 2541 1963 2618 66666166

1169 2649 1358 2710 precavere
1369 2635 1530 2710 volentes,
1545 2638 1743 2702 auctoritate
1758 2637 1852 2700 vobis
1868 2651 1962 2714 6666-

1170 2731 1313 2791 sentium
1327 2731 1548 2808 indulgemus,
1561 2749 1603 2794 ne
1618 2733 1658 2801 16
1673 2735 1784 2796 666616
1795 2733 1965 2810 aliquibus

1169 2827 1366 2889 auctoritate
1380 2829 1570 2905 Apostolica
1585 2829 1618 2890 16
1635 2831 1804 2906 posterum
1818 2846 1964 2906 cognos-

1169 2925 1368 2997 cereinviti,
1395 2927 1460 2987 nisi
1476 2926 1663 2989 obtinenda
1691 2927 1733 2987 ad
1756 2942 1817 2988 ros
1840 2927 1964 2990 litterae

1170 3022 1301 3097 plenam
1316 3022 1357 3082 de
1380 3022 1444 3083 166
1465 3023 1672 3098 indulgentia
1696 3023 1838 3084 fecerint
1861 3039 1964 3084 men·

1169 3117 1303 3190 tionem,
1330 3119 1432 3180 salvis
1457 3122 1569 3181 tamen
1603 3119 1893 3182 commissionibus
1921 3121 1965 3180 ad

1169 3230 1229 3276 666
1244 3215 1404 3279 16616666
1419 3218 1613 3294 impetratis.
1627 3219 1719 3279 Nulli
1731 3233 1812 3293 ergo
1825 3218 1966 3279 omnino

1170 3310 1341 3373 hominum
1355 3313 1455 3375 liceat
1469 3314 1556 3375 1666
1570 3316 1726 3392 paginam
1741 3314 1865 3377 nostrae
1880 3330 1963 3375 con-

1170 3408 1332 3469 cessionis
1342 3409 1537 3485 intringere,
1554 3412 1608 3473 vel
1629 3411 1659 3471 ei
1675 3426 1767 3482 6666,
1781 3411 1962 3471 temerario

1170 3506 1347 3568 contraire.
1361 3506 1480 3582 Siquis
1495 3508 1606 3568 autem
1617 3506 1680 3569 hoc
1694 3508 1859 3569 attentare
1874 3522 1963 3583 prae-

1171 3602 1359 3677 sumpserit,
1370 3602 1631 3677 indignationem
1643 3604 1878 3681 omnipotentis
1888 3604 1962 3675 Dei,

1170 3699 1203 3759 et
1227 3696 1400 3759 beatorum
1426 3700 1517 3761 Petri
1548 3702 1581 3762 et
1608 3701 1706 3762 Pauli
1732 3702 1961 3777 apostolorum

1170 3796 1255 3870 ejus,
1272 3810 1308 3855 se
1330 3796 1460 3857 noverit
1474 3796 1697 3859 incursurum.
1720 3798 1839 3859 batum
1863 3797 1964 3857 Late-

1170 3890 1257 3959 rani,
1269 3892 1329 3953 XV
1344 3891 1412 3953 161.
1428 3892 1600 3968 161666611,
1617 3894 1829 3971 pontificatus
1854 3893 1965 3955 nostri

1170 4002 1258 4049 anno
1273 3988 1456 4053 undecimo.

1553 4214 1584 4301 L

1329 4376 1381 4436 Ad
1394 4379 1589 4451 episcopum
1602 4376 1802 4437 Metensem.

1434 4505 1467 4561 l8
1483 4504 1607 4577 16666611
1622 4505 1700 4561 lito.

1180 4626 1298 4693 [Regest.,
1312 4628 1357 4679 lib.
1369 4628 1412 4687 111,
1423 4628 1497 4695 epist.
1508 4627 1563 4678 181.
1573 4630 1631 4679 iles.
1642 4630 1679 4679 La
1691 4630 1765 4679 Porta
1778 4626 1813 4677 du
1827 4626 1922 4693 11611]

1169 4756 1300 4828 precipit
1319 4754 1347 4811 ei
1369 4760 1399 4814 ut
1423 4755 1573 4825 pecuniam
1595 4768 1682 4824 qnam
1702 4768 1718 4811 a
1741 4752 1883 4821 iuvenali,
1907 4752 1970 4811 illio

1204 4842 1349 4917 qnondam
1364 4840 1497 4903 bendicti
1512 4840 1614 4899 nobilis
1628 4842 1700 4899 ciuis
1715 4841 1964 4905 1666616666-

1204 4940 1293 5005 verat,
1308 4932 1409 4989 solvet.

1209 5038 1696 5135 Η6666166661666666,’666666
1706 5070 1879 5117 servorum
1890 5058 1967 5130 Dei,

1168 5156 1352 5221 venerabili
1372 5156 1505 5218 166161...
1528 5156 1683 5231 66166666
1703 5154 1854 5226 11616661,
1872 5154 1970 5215 salu-

1169 5255 1234 5317 tem
1250 5254 1521 5330 61166616116666
1536 5252 1811 5313 benedictionem.

1211 5352 1356 5413 Dilectus
1376 5350 1465 5411 tilius
1486 5349 1668 5419 166666116,
1692 5348 1781 5409 illius
1796 5348 1969 5424 quondam·

1170 5449 1341 5519 Mandicti,
1366 5448 1488 5510 nobilis
1510 5445 1593 5508 civis
1614 5446 1766 5517 Romani,
1792 5446 1827 5506 in
1850 5448 1968 5509 nostra

1170 5546 1343 5624 proposuit
1358 5546 1536 5622 praesentia
1555 5544 1764 5615 constitutus,
1786 5544 1965 5620 quodcum

1170 5643 1242 5723 ipse
1269 5643 1446 5721 qnamdam
1484 5642 1543 5705 tibi
1578 5641 1780 5705 mutuaverit
1813 5642 1969 5717 6666616)
