4217 6400
199 249 236 307 17
819 240 1050 304 EPISTOLAE.
1073 242 1153 302 nte.
1176 243 1218 302 X.
1799 242 1838 302 18

196 404 282 466 nulli
295 401 431 465 omnino
443 401 615 464 bominum
628 401 729 464 liceat
742 399 916 478 praefatum
930 415 993 462 coe·
1046 401 1156 480 ipsum
1166 399 1336 478 negotium
1350 398 1447 463 bonis
1462 400 1546 462 viris
1560 398 1768 462 committere
1779 399 1841 462 sub

197 502 332 564 nobium
351 502 475 563 temere
499 499 704 576 perturbare,
731 499 789 560 ant
811 501 884 576 eJus
908 514 991 575 pos·
1048 498 1110 560 hac
1125 499 1242 570 forma,
1257 499 1294 561 ut
1307 498 1464 561 videlicet
1475 498 1564 560 idem
1579 512 1690 560 comes
1705 498 1841 574 praesta-

197 599 364 660 sessiones
399 597 552 668 auferre,
582 597 635 658 vel
671 596 800 661 ablatas
832 597 989 666 retinere,
1047 597 1098 658 ret
1133 597 1170 658 in
1188 613 1320 658 ,eorum
1356 596 1511 657 manibus
1539 596 1766 672 jnramentum
1800 597 1842 657 de

196 696 366 764 minuere,
407 709 467 756 seu
511 693 713 770 quibuslibet
757 691 991 754 vexationibus
1047 694 1165 756 stando
1187 693 1353 754 mandatis
1389 693 1546 754 Ecclesiae
1572 709 1673 768 super
1698 693 1753 764 iis,
1779 709 1840 768 pro

196 791 348 868 fatigare,
366 791 423 852 sed
439 791 550 852 omnia
569 791 700 867 integra
718 791 751 852 et
768 790 896 851 illibata
917 805 991 850 ser·
1046 791 1166 868 quibus
1177 792 1301 852 ineum
1313 790 1839 852 sententiaexcommunicationis

195 889 315 951 ventur
328 888 463 959 eisdem,
476 903 535 964 pro
549 903 689 964 quorum
701 887 942 963 gubernatione
952 901 992 947 ac
1046 889 1116 950 lata
1129 888 1203 956 suit,
1220 904 1260 950 ac
1285 888 1406 948 deinde
1425 888 1601 965 praestaret
1615 887 1655 948 de
1678 887 1841 948 manifes-

196 986 448 1054 sustentatione,
466 985 559 1047 salva
576 985 672 1045 Sedis
686 983 884 1062 apostoncae
906 999 990 1044 auc·
1045 987 1089 1046 tis
1104 985 1288 1055 emendam,
1305 1000 1346 1046 ac
1360 984 1401 1046 de
1416 985 1563 1062 parendo
1574 985 1645 1060 juri
1665 1000 1766 1062 super
1776 983 1841 1044 du-

194 1083 342 1154 toritate,
372 1083 405 1144 et
432 1082 614 1144 dioecesani
649 1081 798 1158 episcopi
830 1081 991 1142 canonica
1045 1082 1111 1143 biis
1145 1082 1319 1144 exhiberet
1343 1082 1497 1143 idoneam
1532 1082 1740 1158 cautionem3
1774 1097 1841 1159 quo

192 1178 334 1258 justitia,
348 1179 423 1250 etc,
440 1193 548 1253 usque
562 1177 741 1254 generalis.
764 1177 800 1239 Si
812 1193 876 1254 qua
888 1176 992 1254 igitur
1045 1178 1144 1253 lacto,
1157 1179 1376 1242 absolutionis
1385 1178 1583 1242 beneficium
1594 1177 1844 1257 impenderetur

195 1277 230 1338 in
258 1276 404 1338 futurum
428 1277 655 1341 ecclesiastica
679 1275 894 1337 saecularisve
915 1290 992 1350 per·
1046 1277 1166 1350 eidem,
1184 1277 1217 1339 et
1230 1278 1475 1356 consequenter
1490 1277 1530 1338 de
1545 1275 1655 1338 dubiis
1671 1275 1842 1352 congnitio

195 1390 288 1447 sona,
308 1374 395 1435 hanc
419 1377 542 1436 nostras
567 1373 812 1435 constitutionis
834 1372 990 1448 paginam
1046 1373 1235 1444 haberetur,
1250 1374 1283 1435 et
1293 1374 1495 1435 statueretur
1503 1373 1587 1449 quod
1600 1371 1842 1450 posceretordo

195 1473 316 1544 sciens,
330 1473 445 1532 contra
458 1487 532 1532 eam
542 1472 667 1533 temere
677 1470 792 1532 venire
801 1469 989 1540 tentaverit,
1041 1471 1140 1548 juris.
1157 1473 1197 1532 Et
1210 1471 1282 1532 haec
1300 1471 1412 1531 omnia
1427 1471 1524 1532 dictis
1547 1470 1675 1531 nuntiis
1695 1469 1839 1545 benigne

195 1569 341 1630 secundo
365 1569 506 1630 tertiove
532 1567 744 1639 commonitu,
770 1567 836 1628 nisi
860 1567 990 1627 reatum
1046 1568 1226 1630 obtulimus
1237 1583 1296 1644 per
1305 1565 1530 1630 venerabilem
1539 1567 1676 1629 fratrem
1689 1569 1839 1629 nostrum

194 1681 290 1726 suum
311 1681 459 1742 congrua
475 1664 702 1726 satisfactione
718 1663 912 1734 correxerit,
931 1678 991 1738 po-
1045 1667 1099 1738 ll„
1118 1667 1315 1742 episcopum
1329 1665 1551 1736 Hostiensam,
1569 1680 1608 1725 ac
1627 1664 1784 1724 dilectum
1798 1663 1841 1723 fi-

193 1761 323 1824 testatis
357 1761 560 1838 honorisque
589 1761 642 1820 sui
675 1763 788 1820 careat
817 1759 988 1835 dignitate,
1045 1761 1127 1821 lium
1142 1765 1293 1824 nostrum
1306 1761 1456 1834 o.,tnu1i
1470 1762 1583 1823 Sancti
1597 1761 1733 1823 Martini
1745 1777 1842 1838 pres-

193 1874 351 1935 reamque
369 1875 405 1918 se
427 1858 541 1918 divino
556 1855 682 1933 judicio
698 1857 842 1917 existere
859 1856 898 1916 de
914 1871 991 1932 per·
1044 1858 1213 1935 byterum,
1242 1860 1274 1920 et
1300 1859 1497 1934 Gregorium
1528 1858 1642 1920 Sancti
1675 1858 1842 1919 Theodori

194 1955 323 2032 patrata
345 1953 522 2030 iniquitate
542 1953 730 2028 cognoscat,
748 1953 781 2014 et
795 1968 814 2012 a
828 1951 989 2013 sacratis·
1045 1956 1222 2017 diaconum
1233 1954 1431 2028 cardinales,
1443 1972 1463 2016 a
1475 1955 1593 2032 quibus
1607 1953 1740 2016 eosdem
1752 1970 1842 2014 nun-

193 2053 277 2112 simo
300 2067 454 2128 corpore,
474 2050 554 2122 etc,
575 2065 681 2124 usquc
705 2050 834 2111 ultioni.
857 2049 990 2110 Cunctis
1044 2054 1111 2115 iios
1128 2053 1237 2113 audiri
1253 2053 1392 2114 fecimus
1408 2053 1596 2128 diligenter,
1613 2068 1688 2112 cum
1705 2067 1773 2114 non
1793 2051 1839 2113 sit

192 2149 303 2210 autem
326 2148 433 2208 eidem
455 2147 539 2218 loce,
564 2149 640 2219 etc,
662 2161 768 2220 usquc
783 2146 876 2222 pacis
894 2145 991 2206 inve·
1044 2151 1306 2221 consuetudinis
1337 2150 1423 2227 quod
1461 2153 1630 2211 Romanus
1668 2149 1836 2222 Pontifex,

191 2245 297 2308 niani.
311 2248 428 2304 Amen.
444 2248 559 2304 Amen.
1044 2248 1113 2308 nisi
1126 2264 1187 2325 per
1205 2248 1437 2324 interpositam
1458 2262 1647 2324 personam,
1667 2246 1708 2306 ad
1731 2247 1839 2307 collo-

232 2344 350 2404 natum
373 2343 487 2414 Reate,
511 2357 571 2417 per
594 2355 712 2400 manus
736 2339 889 2415 magistri
908 2339 990 2399 Gtti·
1044 2345 1467 2422 quiumexcommunicatos
1478 2343 1840 2420 admittat31psiautem

192 2440 288 2501 donis
313 2438 438 2500 domini
452 2453 545 2515 papae
568 2437 701 2508 notarii,
718 2439 748 2496 X
763 2436 925 2498 Kalendas
939 2435 990 2496 se·
1043 2443 1153 2504 nuntii
1174 2443 1333 2520 praedicta
1355 2443 1508 2518 recipere
1528 2442 1722 2514 renuerunt,
1739 2455 1839 2502 asse·

190 2535 328 2608 bruarii‚
353 2536 535 2598 indictione
552 2537 639 2602 XIV,
663 2535 907 2596 incarnationis
922 2537 990 2596 Do·
1043 2541 1156 2602 rentes
1175 2557 1211 2602 se
1237 2540 1280 2601 ad
1303 2540 1368 2602 hoc
1395 2555 1463 2602 non
1486 2539 1610 2601 habere
1633 2539 1838 2612 mandatum,

190 2634 419 2694 minicaeanno
437 2629 988 2710 MCCXXVithponttucatusvero
1044 2653 1107 2699 nec
1131 2655 1205 2706 nos,
1232 2638 1270 2698 ut
1288 2639 1521 2715 praediximus,
1537 2637 1705 2714 potuimus
1727 2636 1839 2698 facere

191 2731 316 2798 domini
337 2730 477 2792 Honorii
492 2745 587 2806 papae
603 2731 649 2788 Ill
664 2745 751 2790 anno
767 2729 906 2790 decimo.
1044 2734 1131 2812 quod
1151 2733 1317 2811 petebant,
1332 2750 1407 2795 cum
1429 2735 1486 2794 ubi
1501 2735 1613 2809 agitur
1633 2735 1674 2795 de
1693 2733 1836 2811 Justitia,

1043 2833 1161 2908 gratiae
1194 2831 1230 2891 in
1263 2830 1401 2894 alterius
1433 2831 1593 2906 iniuriam
1616 2846 1684 2891 non
1712 2831 1756 2892 sit
1786 2829 1839 2890 lo-

1044 2930 1233 3001 cuseio...
1259 2929 1379 2989 Datum
1394 2930 1509 3000 Reate,
1531 2930 1576 2988 IX
1596 2927 1760 2990 kalendas
1782 2926 1838 2988 ie-

1043 3025 1432 3098 bruarii,annodecimo.

488 2985 683 3072 LXXXIX

299 3139 365 3198 ¹ad
388 3139 607 3198 haidericum
626 3139 863 3199 hamaicorum

459 3236 719 3308 imperatorem.

457 3364 493 3421 th
504 3363 629 3437 januarii
645 3364 724 3421 1226.

287 3487 568 3551 [Hnillard-Bnlbolles,
577 3488 640 3537 llist.
652 3487 770 3552 diplom,
782 3488 814 3547 ll,
826 3486 894 3551 538]

1409 3278 1474 3365 XC

1082 3430 1135 3489 Ad
1148 3430 1303 3491 whatem
1320 3430 1356 3490 at
1373 3429 1580 3490 conventam
1593 3428 1800 3489 amnasterit

1332 3526 1554 3587 chossetet.

192 3612 336 3669 Friderico
363 3614 557 3671 homanorum
585 3612 750 3686 imperatori
776 3613 889 3671 nuntiat
915 3627 985 3684 quo·

225 3700 311 3757 modo
323 3716 422 3773 preces
436 3703 498 3773 eius
509 3716 595 3774 super
610 3702 788 3759 absolutione
802 3702 915 3759 comilis
925 3701 986 3757 dri·

226 3790 345 3861 politani
362 3789 512 3847 admittere
533 3804 590 3846 non
604 3794 705 3862 potuit,
718 3804 784 3847 cum
803 3791 893 3848 nuntii
908 3790 984 3863 ejus·

227 3877 291 3935 dom
307 3880 420 3936 comitis
441 3878 620 3937 conditiones
635 3893 650 3935 a
668 3878 860 3937 cardinalibus
877 3878 987 3937 oblatas

225 3968 352 4037 recipere
363 3967 515 4023 noluerint.

228 4091 409 4163 Honorius,
437 4092 512 4162 etc,
544 4092 726 4165 Friderico,
751 4093 852 4155 etc...

230 4191 336 4265 Super
348 4188 556 4249 absolutione
566 4190 985 4265 veroTripolitanicomitis

187 4288 244 4349 tua
271 4286 402 4347 noverit
427 4284 606 4357 Celsitud0,
633 4286 719 4363 qnod
744 4286 851 4362 ipsius
878 4290 985 4349 comi·

187 4383 231 4443 tis
240 4383 348 4443 nuntii
359 4382 525 4457 petierant
537 4382 687 4458 quaedam
695 4382 766 4459 juri
781 4384 814 4443 et
827 4384 984 4445 Ecclesiae

188 4482 351 4549 Romanae¹
362 4479 593 4541 consuetudini
609 4480 961 4543 contrariamaniicste
974 4504 982 4557 3

187 4576 275 4637 unde
297 4577 375 4638 licet
394 4592 509 4653 preces
526 4578 602 4639 tuas
623 4578 778 4639 velimus·
792 4594 933 4655 semper,
950 4578 984 4639 in

187 4673 602 4750 quibnssecundumDeum
611 4690 799 4750 possumus,
809 4675 981 4750 exaudire,

186 4771 396 4847 nequivimus
417 4772 530 4833 tamen
543 4772 690 4848 ipsorum
706 4773 899 4848 petitionem
918 4774 983 4835 ad-

186 4868 318 4930 mittere
335 4868 647 4946 nuntiorum,idque
659 4868 913 4945 circumspectio
925 4871 983 4932 tua

186 4982 275 5040 aegre
297 4966 385 5026 serre
414 4980 480 5025 non
504 4965 612 5038 debet,
638 4982 712 5026 cum
740 4982 806 5027 non
829 4968 925 5039 velie,
947 4972 983 5029 ut

186 5064 362 5135 credimus,
380 5062 466 5139 quod
490 5063 579 5139 jnris
604 5063 720 5140 scripti
740 5066 773 5125 et
792 5065 981 5141 approbatae

185 5160 436 5222 consuetudinis
452 5160 603 5221 ordinem
618 5161 870 5223 confundamus,
888 5164 982 5226 Licet

184 5260 296 5321 autem
318 5258 406 5318 idem
434 5273 543 5319 comes
559 5258 659 5319 etiam
681 5259 755 5335 ipsa
775 5258 981 5322 exhibitione

181 5355 334 5433 justitiae,
352 5355 487 5433 propter
508 5354 624 5426 multa,
643 5371 717 5431 quae
739 5372 828 5416 nunc
847 5359 980 5418 narrari

184 5469 251 5514 non
268 5451 413 5529 expedit,
434 5450 618 5513 reddiderit
638 5468 674 5513 se
698 5452 884 5529 indignum,
899 5456 978 5516 tua-

183 5567 257 5611 rum
274 5551 384 5612 tamen
405 5566 539 5627 precum
554 5548 677 5612 intuitu
691 5549 858 5613 voluimus
872 5552 977 5615 totum

1307 3656 1342 3713 tl
1353 3656 1477 3729 januarii
1491 3655 1581 3712 late)

1175 3778 1281 3845 [Regist.
1294 3778 1444 3829 monasterii
1456 3777 1486 3829 de
1498 3776 1623 3835 Passelet,
1636 3776 1705 3843 ota]

1042 3904 1155 3965 inhibet
1171 3921 1209 3963 ne
1229 3904 1359 3978 episcopi
1370 3904 1417 3963 vel
1439 3903 1577 3961 officiales
1593 3918 1695 3961 eorum
1708 3902 1837 3962 subditas

1076 3996 1252 4053 monasterio
1261 3994 1399 4051 ecclesias
1414 3992 1538 4051 audeant
1550 3991 1760 4064 inrecipieudis
1768 4007 1836 4064 pro·

1076 4082 1270 4140 curationibus
1285 4082 1357 4139 ultra
1370 4087 1496 4137 taxamm
1512 4081 1542 4135 in
1561 4080 1747 4137 Lateranensi
1762 4080 1836 4138 Gon·

1076 4171 1142 4227 cilio
1163 4183 1351 4243 personarum
1367 4176 1395 4224 et
1410 4166 1592 4224 evectionum
1608 4182 1760 4225 numerum
1782 4181 1836 4239 ag·

1076 4273 1208 4331 gravare.

1079 4383 1248 4444 Honorius
1259 4382 1445 4461 episcopus,
1456 4397 1573 4443 servus
1582 4397 1754 4443 servorum
1762 4382 1835 4453 Dei,

1039 4479 1169 4542 dilectis
1183 4480 1261 4541 liliis
1275 4480 1386 4541 abbati
1401 4482 1434 4541 et
1448 4479 1626 4541 conventui
1640 4479 1836 4540 monasterii

1039 4577 1080 4639 de
1100 4578 1261 4650 Passelet,
1279 4577 1508 4637 cluniacensis
1532 4575 1671 4648 ordinis,
1694 4575 1835 4637 salutem

1038 4677 1072 4737 et
1085 4676 1309 4752 apostolicam
1321 4674 1597 4736 benedictionem.

1079 4775 1159 4833 Cum
1170 4789 1189 4833 e
1200 4772 1426 4833 membrorum
1436 4771 1631 4847 gravamine
1644 4771 1743 4845 caput
1756 4786 1837 4832 con-

1038 4870 1149 4932 doleat
1159 4871 1192 4932 et
1206 4887 1249 4931 ex
1258 4870 1392 4931 illorum
1408 4867 1645 4929 afflictionibus
1660 4868 1836 4946 perturbe-

1037 4968 1103 5041 tur,
1122 4985 1185 5030 nos
1212 4968 1315 5045 quieti
1336 4968 1456 5027 vestrae
1478 4967 1514 5027 in
1531 4966 1719 5027 vestrorum
1740 4967 1836 5028 tran-

1037 5066 1196 5142 quillitati
1222 5063 1444 5126 membrorum
1470 5062 1646 5139 providere
1671 5048 1832 5137 volentes,

1037 5163 1235 5225 auctoritate
1254 5161 1470 5239 praesentium
1494 5160 1678 5223 districtius
1696 5160 1833 5222 inhibe-

1036 5276 1121 5332 mus,
1138 5277 1181 5322 ne
1196 5259 1301 5335 aliqui
1314 5258 1462 5334 episcopi
1475 5257 1529 5319 vel
1540 5257 1701 5319 officiales
1718 5272 1834 5319 eorum

1035 5356 1186 5418 subditas
1205 5356 1300 5420 vobis
1331 5356 1491 5417 ecclesias
1517 5355 1662 5417 audeant
1682 5355 1718 5415 in
1738 5355 1831 5416 reci-

1034 5454 1165 5531 piendis
1191 5453 1495 5532 procurationibus,
1516 5454 1604 5515 ultra
1622 5452 1771 5514 taxatum
1797 5454 1833 5513 in

1034 5552 1253 5615 Lateranensi
1269 5552 1418 5614 Concilio
1437 5566 1655 5630 personarum
1677 5550 1711 5612 et
1734 5566 1833 5612 evec-
