4217 6400
87 275 184 375 ¹13
767 309 996 376 arrsrolm.
1021 280 1163 376 1111
1276 309 1279 315 ’
1438 266 1444 280 ”
1749 319 1785 377 lt

139 473 293 537 coerceat
303 473 507 551 temporalis,
528 473 721 536 discretioni
736 475 856 536 restrae
876 489 936 553 per
991 472 1111 552 quibus
1135 474 1208 537 baec
1232 477 1377 554 propriis
1400 476 1555 537 duximus
1571 472 1787 554 exprimenda

138 571 331 654 Apostolica
370 571 493 648 scripta
526 571 736 643 mandamus,
773 571 935 648 quatenus
990 573 1189 635 vocabulis:

138 669 205 730 nisi
221 669 342 730 milites
359 668 392 730 et
406 669 465 729 alii
487 669 668 745 supradicti
684 685 704 730 a
719 667 813 730 robis
827 669 935 730 adbuc
1031 673 1154 732 Locum
1169 673 1276 748 ipsum
1290 671 1325 732 in
1339 687 1405 749 quo
1416 671 1591 749 praefatum
1613 673 1785 733 monaste-

139 767 284 828 sollioite
296 767 425 838 moniti,
444 765 486 826 ad
501 766 658 827 Ecclesiae
674 767 865 828 mandatum
880 781 935 827 re-
990 767 1076 827 rium
1100 771 1198 829 situm
1214 771 1273 840 est,
1292 783 1367 830 curn·
1382 771 1509 846 capella
1526 771 1565 830 de
1585 771 1786 831 Locwinnoc

138 863 363 924 dierintinlra
383 863 574 934 terminum,
592 879 689 939 quern
704 863 753 923 eis
769 863 934 924 duxeritis
990 865 1022 925 et
1050 863 1128 924 aliis
1153 865 1362 941 pertinentiis
1387 865 1456 925 suis
1481 867 1521 927 de
1547 866 1718 939 luwirnic,
1745 866 1785 925 de

138 960 543 1038 praefigendumroscum
554 959 933 1022 multainterdumbona
991 961 1247 1036 Leggardewde‚
1272 962 1312 1023 de
1336 962 1488 1034 Katkert,
1511 963 1553 1022 de⁴
1575 957 1784 1038 Ruthirglen,

137 1058 339 1134 praestentur
367 1057 492 1130 invitis,
510 1057 551 1118 ad
579 1073 694 1118 eorum
721 1058 935 1119 molliendam
990 1057 1030 1118 de
1054 1061 1250 1132 Carmanoc,
1277 1060 1318 1121 de
1339 1058 1469 1132 Polloo,
1494 1053 1534 1121 de
1554 1061 1718 1133 11101111,
1745 1059 1788 1120 (11

137 1153 306 1227 duritiam,
319 1153 440 1215 nobilis
453 1153 639 1227 mulieris„
651 1155 828 1217 comitissae
839 1157 935 1216 Flan-
989 1155 1132 1229 Neston,
1154 1157 1194 1218 de
1216 1157 1437 1228 Kirbercban,
1454 1157 1494 1217 de
1513 1157 1602 1219 Villa
1621 1159 1784 1233 Hugonis,

137 1251 231 1323 driae,
250 1252 304 1312 cui
319 1252 494 1328 superbos
510 1251 685 1313 scribimus
702 1253 865 1313 auxilium
882 1253 935 1313 in·
989 1253 1030 1313 de
1051 1253 1220 1326 Kilbelan,
1245 1254 1288 1315 de
1309 1249 1460 1327 Hirsbin,
1481 1254 1522 1315 de
1543 1255 1784 1326 Kirmalbome,

137 1348 274 1410 vocetis.
303 1348 395 1421 Quod
422 1347 451 1409 si
474 1364 541 1409 nou
569 1363 700 1422 omnes,
727 1349 788 1411 eto.
815 1350 934 1411 Datum
990 1349 1029 1411 de
1042 1351 1203 1428 Inrirkip,
1217 1352 1257 1412 de
1270 1352 1432 1425 Prostinc,
1449 1351 1489 1413 de
1502 1352 1607 1414 altera
1620 1351 1783 1425 prastino,

136 1445 252 1518 Reate,
264 1443 326 1506 ΧΗ
339 1445 500 1507 kalendas
510 1445 681 1520 februarii,
694 1462 782 1508 anno
794 1445 931 1509 decimo.
989 1447 1029 1508 de
1044 1448 1163 1522 Daliel,
1181 1449 1222 1510 de
1236 1449 1368 1525 Cragin,
1382 1449 1422 1510 de
1436 1446 1661 1524 Turneberige
1676 1449 1785 1510 eccle·

989 1544 1058 1605 sias
1072 1561 1147 1606 oum
1163 1547 1301 1622 capellis
1318 1548 1352 1608 et
1368 1545 1444 1607 aliis
1463 1546 1674 1622 pertinentiis
1694 1546 1784 1620 suis;

637 1697 639 1702 .
990 1643 1022 1703 et
1033 1643 1239 1704 totamillam
1251 1649 1386 1716 terram,
1399 1659 1472 1720 quae
1481 1645 1573 1721 jacet
1587 1659 1630 1704 ex
1644 1643 1785 1720 utraque

419 1694 657 1782 LXXXVIII
989 1740 1084 1816 parte
1112 1756 1207 1816 aquae
1242 1741 1340 1814 Kert,
1369 1741 1454 1802 sicut
1485 1739 1580 1802 bonae
1615 1741 1784 1802 memoriae

135 1845 189 1906 Ad
206 1824 406 1908 Willelmurn
425 1847 580 1907 abbatem
597 1845 803 1906 monasterti
815 1846 934 1906 Saltcti
990 1837 1179 1898 Gualterius
1192 1837 1281 1898 filius
1291 1839 1399 1911 Alani,
1413 1835 1542 1915 dapifer
1550 1838 1640 1914 regis
1653 1838 1783 1909 Scotiae,

174 1945 291 2003 Jacoca
301 1945 461 2017 Apostoli,
473 1944 507 2004 at
522 1943 640 2004 Sancti
653 1944 933 2016 Martntconsas-
989 1931 1146 1995 fundator
1164 1935 1358 1996 monasterii
1379 1934 1494 2007 uestri,
1510 1936 1630 1996 restris
1650 1935 1784 2011 praede-

175 2043 270 2101 sprrs
283 2043 323 2101 pe
342 2039 510 2102 Passelet,
990 2029 1178 2092 sessoribus
1199 2033 1392 2108 assignavit,
1414 2033 1448 2094 et
1468 2035 1658 2093 carucatam
1673 2033 1783 2103 terrae,

402 2169 575 2242 πυυ
990 2130 1787 2288 11111111111111111

179 2292 410 2357 [ΜΜΝΘΜ
422 2295 537 2344 nonum.
551 2293 732 2356 urbanorum,
742 2293 782 2352 ἢ
795 2307 821 2344 “’
835 2291 890 2356 ⁵⁹¹]
990 2322 1074 2384 Kert
1086 2326 1119 2384 et
1130 2324 1211 2397 Grif,
1227 2340 1300 2401 quae
1312 2272 1402 2385 nunc
1414 2324 1525 2385 insula
1541 2325 1739 2401 appellatur,
1754 2325 1789 2386 et

136 2415 342 2476 bionasterium
354 2418 450 2476 Sancti
465 2417 563 2476 iacobi
578 2417 706 2491 Apostoli
719 2423 748 2474 et
763 2417 858 2475 Sancti
871 2417 932 2476 lla·
989 2421 1092 2482 totam
1104 2422 1228 2483 terram
1243 2423 1284 2482 de
1298 2425 1396 2499 Drep,
1409 2438 1507 2499 quam
1521 2423 1685 2499 quondam
1698 2422 1787 2484 Wil-

173 2507 227 2563 rini
241 2505 415 2564 contessoris
434 2505 931 2576 111111111111111118111111111-
989 2517 1108 2579 polmus
1130 2519 1220 2580 filius
1241 2520 1392 2581 Mapduge
1413 2535 1433 2581 a
1456 2522 1567 2581 vestro
1582 2521 1785 2582 monasterio

172 2595 289 2665 ”emb
302 2609 359 2698 {¹¹¹³
378 2610 444 2698 ⁶}1ffl
468 2595 590 2697 Singilis
610 2596 681 2698 ⁸1⁰⁸,
692 2594 932 2699 R⁰⁸⁸e³³¹⁰¹¹ib1¹82
989 2616 1029 2676 ad
1046 2616 1175 2677 firmam
1189 2619 1305 2687 tenuit,
1325 2619 1357 2680 et
1371 2621 1562 2679 carucatam
1576 2620 1676 2679 terrae
1696 2612 1785 2694 apud

172 2684 225 2742 θιὼ
239 2685 315 2742 Μ
329 2687 405 2743 pem
417 2691 593 2758 Pf⁰²⁸⁰¹¹⁰¹¹⁸
606 2691 772 2757 smmum·
989 2713 1175 2784 Hunteleie,
1188 2729 1286 2789 quam
1298 2713 1395 2774 bonae
1414 2715 1582 2775 memoriae
1593 2712 1784 2774 Willelmus

177 2811 345 2872 Honorius
356 2811 541 2888 episeopus,
552 2826 668 2872 servus
680 2826 851 2872 servorum
860 2811 931 2884 Dei,
989 2825 1049 2869 111
1061 2811 1179 2870 scotiae
1190 2809 1284 2870 robis
1295 2809 1473 2873 cambiavit
1483 2828 1556 2871 curn
1569 2811 1670 2883 terra,
1684 2826 1782 2888 quam

137 2908 267 2970 dilectis
289 2909 367 2968 liliis
389 2904 573 2979 Willelmo,
600 2907 711 2968 abbati
739 2909 934 2969 monasterii
989 2905 1154 2968 habuistis
1186 2908 1220 2967 in
1249 2907 1497 2980 Hatstanisden,
1526 2909 1558 2969 et
1592 2911 1783 2970 carucatam

139 3005 252 3067 Sancti
280 3005 395 3067 Jacobi
423 3005 587 3081 Apostoli,
611 3004 644 3066 et
669 3005 783 3065 Sancti
810 3005 933 3065 Marini
988 3005 1100 3084 terrae,
1131 3021 1229 3082 quam
1259 3004 1381 3065 nobilis
1413 3006 1535 3066 mulier
1567 3006 1709 3067 Escbira
1742 3007 1784 3068 de

138 3103 340 3164 contessoris
364 3103 404 3163 de
428 3099 588 3174 Passelet,
614 3105 753 3178 ejusque
773 3101 933 3163 fratribus
988 3102 1091 3162 Mella
1104 3100 1198 3163 robis
1214 3101 1353 3163 contulit
1367 3101 1491 3162 intuitu
1504 3100 1648 3178 pietatis,
1663 3106 1696 3162 et
1710 3103 1783 3179 pis-

137 3202 207 3263 tam
228 3200 449 3278 praesentibus
475 3216 574 3277 quam
597 3200 718 3261 tuturis
745 3202 933 3276 regularem
989 3202 1116 3261 cariam
1140 3212 1374 3277 superaquam
1390 3201 1471 3261 Glud
1488 3201 1574 3261 inter
1589 3202 1730 3263 Pertbec
1754 3200 1787 3264 et

137 3300 241 3360 vitam
263 3296 423 3375 professis
446 3298 482 3357 in·
505 3298 710 3373 perpetuum,
738 3296 935 3359 salutemet
989 3298 1151 3371 insulam,
1189 3300 1222 3359 et
1259 3314 1407 3359 annuum
1440 3299 1605 3359 redditum
1639 3300 1785 3360 dimidiae

137 3395 361 3473 Apostolicarn
376 3394 650 3455 benedictionem.
989 3410 1111 3456 marcae
1134 3396 1276 3471 argenti,
1294 3411 1391 3472 quem
1406 3397 1602 3472 percepistis
1624 3413 1666 3457 ex
1689 3399 1787 3458 tirma

177 3492 488 3568 Religiosamritam
498 3490 697 3567 eligentibus
705 3490 933 3567 Apostolicum
989 3490 1030 3552 de
1052 3491 1158 3567 burgo
1180 3491 1333 3553 Reintrui
1348 3494 1381 3553 11
1394 3493 1621 3553 molendinum
1636 3494 1786 3570 ejusdem

138 3588 934 3666 couvenitadessepraesidium,nefortecujus-
989 3586 1098 3664 burgi,
1129 3592 1162 3651 et
1198 3606 1299 3649 unum
1333 3590 1492 3651 Tobstum
1527 3592 1715 3667 plenarium
1750 3592 1786 3651 in

137 3687 221 3749 libet
243 3687 441 3749 temeritatis
457 3686 611 3747 incursus
627 3688 685 3747 aut
706 3702 762 3747 eos
777 3702 797 3747 a
812 3702 935 3763 propo-
990 3686 1154 3759 Reinlrui,
1179 3688 1212 3748 et
1232 3702 1334 3747 unum
1358 3690 1446 3749 Rece
1470 3688 1513 3747 ad
1538 3688 1737 3759 salmonem,
1755 3689 1788 3751 et

138 3786 203 3846 sito
223 3785 367 3855 revocet,
387 3785 446 3845 aut
467 3784 580 3853 robur,
605 3784 691 3861 quod
716 3784 812 3856 absit,
830 3801 934 3845 sacrae
989 3786 1114 3846 terram
1146 3775 1234 3861 apud
1263 3784 1404 3846 Raintru
1433 3787 1530 3861 Juxta
1558 3784 1783 3847 molendinum

138 3880 312 3957 religionis
349 3882 493 3943 enervet.
531 3882 723 3958 eapropter,
753 3882 871 3943 dilecte
900 3882 935 3942 in
989 3883 1148 3955 restrum,
1164 3882 1221 3943 ubi
1238 3882 1318 3943 olim
1333 3882 1466 3959 quidam
1482 3884 1628 3945 vestrum
1652 3882 1767 3943 habita

137 3979 278 4041 Domino
294 3978 353 4051 iili,
371 3980 437 4040 tuis
449 3979 550 4056 justis
566 3977 845 4055 postulationibus
861 3980 933 4041 ole—
989 3982 1120 4053 verunt,
1148 3981 1181 4042 et
1209 3996 1309 4041 unam
1344 3981 1534 4042 carucatam
1567 3982 1667 4041 terrae
1698 3980 1784 4057 apud

137 4075 269 4136 menter
289 4076 477 4146 annuimus
500 4075 533 4136 et
556 4076 794 4136 monasterium
821 4078 935 4139 Sancti
991 4079 1154 4151 lnvirnic,
1181 4094 1256 4138 curn
1281 4079 1448 4139 communi
1472 4080 1608 4153 pastura
1637 4078 1784 4154 ejusdem

137 4170 254 4236 Jacobi
266 4171 415 4247 Apostoli
429 4172 461 4231 et
473 4170 585 4231 Sancti
595 4171 719 4231 Marini
734 4172 934 4234 contessoris
989 4176 1090 4248 villae,
1117 4176 1278 4237 ettotam
1304 4175 1531 4235 molendinum
1557 4174 1597 4234 de
1624 4175 1786 4237 luwirnic

139 4265 588 4344 dePasselet,inquodirino
600 4268 779 4343 mancipati
791 4269 870 4329 estis
882 4270 936 4331 ob
990 4276 1114 4349 praeter
1148 4288 1295 4333 annuum
1329 4271 1494 4332 redditum
1530 4271 1629 4331 unius
1664 4288 1786 4335 marcae

139 4368 265 4445 sequio,
276 4366 337 4428 sub
347 4366 435 4427 beati
451 4366 539 4426 Petri
554 4366 588 4426 et
601 4366 714 4426 nostra
729 4366 935 4441 protectione
991 4370 1132 4443 argenti,
1154 4384 1253 4445 quam
1268 4368 1408 4428 redditis
1430 4384 1473 4429 ex
1496 4368 1622 4440 eodem,
1640 4371 1672 4430 et
1687 4387 1787 4431 unam

140 4467 339 4542 suscipimus
358 4464 391 4525 et
414 4464 588 4545 praesentis
615 4462 730 4539 scripti
757 4458 934 4539 privilegio
991 4466 1134 4527 salinam
1166 4465 1202 4525 in
1234 4465 1374 4538 Kalmir,
1399 4466 1431 4527 et
1459 4466 1562 4526 totam
1591 4468 1715 4526 terram
1747 4468 1787 4528 de

140 4562 395 4633 communimus,
413 4562 448 4620 in
463 4560 580 4638 primis
595 4561 787 4633 statuentes,
804 4562 840 4621 ut
854 4562 935 4624 ordo
991 4563 1143 4623 Prestinc
1168 4578 1242 4622 cum
1265 4563 1475 4639 pertinentiis
1500 4562 1580 4633 suis,
1602 4578 1676 4639 quae
1698 4580 1786 4625 nuno

139 4660 354 4731 monasticus
379 4658 436 4736 qui
461 4658 642 4719 secundum
665 4660 768 4719 Deum
794 4660 827 4719 et
847 4654 936 4720 beati
991 4660 1113 4720 dicitur
1136 4659 1225 4723 Villa
1258 4660 1512 4731 monachorum,
1539 4661 1572 4720 et
1596 4660 1719 4721 terram
1747 4662 1787 4722 de

139 4756 309 4819 Benedicti
348 4756 519 4831 regulam,
557 4757 656 4831 atque
692 4756 934 4817 institutionem
990 4757 1194 4830 Moniabroc,
1206 4758 1336 4818 sicutin
1348 4757 1577 4818 instrumentis
1589 4757 1786 4819 donatorum

140 4854 408 4916 cluniacensium
432 4854 572 4915 fratrum
596 4854 631 4914 in
658 4851 773 4914 eodem
796 4870 933 4915 monas·
991 4855 1114 4916 dicitur
1128 4854 1347 4917 contineri:et
1357 4872 1503 4914 annuum
1515 4855 1787 4931 redditumquin-

139 4953 240 5025 terio,
276 4954 355 5024 etc,
390 4966 497 5025 usque
531 4950 735 5013 observetur.
769 4954 934 5014 Praeterea
991 4970 1054 5029 que
1080 4967 1269 5013 marcarum
1297 4953 1445 5027 argenti,
1472 4966 1570 5027 quam
1596 4952 1785 5029 percipietis

140 5065 364 5129 quascumque
373 5050 613 5125 possessiones,
625 5062 840 5125 quaecumque
848 5049 934 5111 bona
990 5049 1077 5126 apud
1100 5051 1275 5121 Machelm,
1293 5051 1326 5110 et
1341 5049 1566 5109 molendinum
1582 5049 1621 5109 de
1637 5052 1788 5113 Passelet

141 5148 228 5208 idem
252 5147 491 5208 monasterium
509 5147 598 5221 juste
623 5148 655 5207 et
679 5147 839 5207 canonice
857 5164 936 5224 pos·
991 5164 1065 5209 cum
1085 5164 1145 5208 sua
1166 5148 1316 5223 plenaria
1339 5147 1439 5217 secta,
1456 5145 1542 5222 quod
1561 5163 1580 5207 a
1596 5147 1698 5208 nobili
1714 5148 1789 5209 viro

140 5245 236 5317 sidet,
245 5246 344 5306 autin
354 5244 499 5305 futurum
507 5244 720 5304 concessione
730 5244 932 5319 pontificum,
990 5246 1140 5305 Waltero
1152 5245 1222 5305 lilio
1235 5243 1344 5315 Alani,
1357 5243 1541 5304 senescallo
1551 5245 1640 5319 regis
1655 5246 1784 5320 Scotiae,

139 5343 318 5419 largitione
338 5356 453 5417 regum
473 5340 526 5402 rel
546 5341 745 5417 principum,
769 5341 935 5403 oblatione
991 5344 1187 5404 monasterii
1201 5342 1303 5402 vestri
1326 5342 1477 5416 patrono,
1501 5342 1622 5403 tenetis
1646 5344 1687 5403 ad
1709 5359 1788 5420 per-

141 5441 289 5501 lldelium
314 5454 373 5500 seu
395 5438 472 5499 aliis
492 5438 593 5514 justis
618 5438 735 5505 modis,
757 5442 935 5514 praestante
990 5442 1124 5517 petuam
1140 5440 1280 5511 tirmam,
1301 5440 1334 5500 et
1352 5454 1499 5499 annuum
1520 5438 1684 5500 redditum
1700 5440 1785 5500 dua-

140 5538 291 5610 Domino,
307 5537 427 5615 poterit
441 5536 592 5612 adipisci,
611 5534 706 5595 firma
725 5535 785 5596 tibi
804 5537 935 5615 tuisque
991 5554 1065 5598 rum
1090 5538 1277 5599 celdrarum
1301 5537 1420 5598 tarinae
1444 5553 1488 5598 ex
1510 5537 1607 5597 firma
1637 5538 1784 5613 ejusdem

141 5635 391 5699 successoribus
419 5634 453 5696 et
479 5632 606 5697 illibata
640 5636 865 5711 permaneant.
898 5638 934 5696 ln
990 5636 1184 5708 molendini,
1213 5652 1311 5714 quam
1337 5636 1424 5697 idern
1459 5635 1661 5697 senescallus
1692 5634 1786 5699 robis
