4217 6400
280 267 318 331 10
904 255 1083 322 tremonti
1103 257 1150 320 111
1172 255 1321 321 orest.
1649 281 1653 288 ·
1690 307 1694 319 .
1884 259 1928 321 20

277 428 406 490 1166661
434 433 620 499 numerum,
651 433 847 500 aggravare.
871 421 964 484 Nulli
992 435 1072 496 ergo
1126 417 1292 496 regemari
1303 403 1722 482 vestmmetecclesiarum
1736 419 1927 480 vestrarum

278 526 413 586 omnino
425 524 595 584 hominum
610 523 710 583 liceat
721 522 808 582 hanc
824 521 979 596 paginam
994 533 1075 580 nos·
1127 516 1277 578 favorem
1292 531 1352 593 per
1367 517 1430 578 hoc
1445 516 1636 593 specialiter
1649 515 1832 586 inclinetis,
1847 532 1927 591 gra·

277 623 340 684 trae
355 621 563 683 inhibitionis
579 619 772 695 intringere,
787 618 840 679 rel
865 618 896 678 ei
921 633 1005 678 ausu
1024 617 1075 677 te-
1127 615 1261 691 tamque
1291 614 1555 675 vicissitudinem
1582 613 1624 674 ab
1653 629 1692 674 eo
1731 615 1927 690 exspectare

278 720 423 781 merario
437 719 614 780 contraire.
632 716 749 793 Siquis
761 716 871 776 autem
885 715 947 776 hoc
963 715 1071 776 atten·
1128 713 1264 788 possitis
1284 713 1433 788 tempore
1454 712 1653 787 opportuno.
1675 710 1838 771 Nolumus
1863 727 1926 772 66-

278 817 349 879 tare
368 815 627 892 praesumpserit,
643 814 907 889 indignationem
922 811 1075 888 omnipo·
1128 809 1205 881 tem,
1234 807 1320 885 quod
1347 808 1509 869 exhibitio
1549 806 1779 868 subventionis
1804 808 1928 884 hujus-

278 913 381 975 tentis
397 914 456 974 Dei
469 914 502 974 ei
515 911 688 974 beatorum
704 911 794 974 Petri
808 912 840 972 et
854 910 952 971 Pauli
967 913 1075 986 Apes·
1127 906 1217 966 modi
1231 905 1386 966 trahatur
1401 905 1443 965 ad
1469 904 1752 980 consequentiam,
1767 904 1820 966 vel
1832 919 1925 981 prae-

277 1012 421 1074 telorum
433 1013 507 1086 ejus
518 1025 553 1070 se
570 1009 700 1070 noverit
713 1009 938 1068 incursurum.
956 1007 1074 1068 Datum
1124 1002 1289 1080 judicium
1314 1002 1452 1077 generet
1490 1000 1728 1062 ecclesiastices
1763 1000 1922 1063 libertati.

279 1109 394 1180 Reate,
424 1109 470 1167 lx
484 1107 647 1168 kalendas
673 1105 846 1178 februarii,
861 1104 1074 1182 pontificatus
1129 1101 1247 1161 Datum
1263 1101 1378 1172 Reate,
1396 1101 1425 1161 V
1443 1099 1606 1160 kalendas
1625 1098 1797 1171 februarii,
1812 1099 1926 1176 ponti·

278 1206 386 1267 nostri
397 1219 486 1266 anno
497 1204 635 1266 decimo.
1128 1196 1248 1259 ilcatus
1260 1197 1368 1259 nostri
1382 1210 1471 1258 anno
1483 1196 1625 1258 decimo.

633 1433 721 1522 XCI
1274 1450 1277 1455 ⁴
1473 1454 1580 1540 xGll

319 1587 372 1648 Ad
385 1588 669 1658 archiepiscopos,
684 1586 869 1658 episcopos,
886 1580 1033 1653 6666166,
1168 1605 1223 1664 Ad
1244 1605 1450 1678 episcopum,
1471 1606 1639 1665 decanum
1662 1606 1696 1665 g,
1719 1604 1884 1677 Stephani

340 1685 490 1757 11111168,
505 1683 539 1744 61
553 1686 638 1745 111108
647 1681 813 1756 1111111111)8
824 1683 861 1742 Η
861 1683 1012 1742 ibelim·
1247 1702 1281 1762 et
1295 1704 1576 1763 archidiaconum
1590 1704 1801 1762 Precmzscm.

545 1811 579 1870 ²⁸
588 1811 713 1885 l'tffllarii
729 1811 807 1869 ¹²²5·
1392 1832 1427 1890 ²9
1438 1832 1564 1904 ianuarii
1578 1831 1657 1889 1226.

387 1935 516 1999 [sternes.
536 1937 604 1986 Mon·
622 1934 800 1994 suenorum,
813 1933 853 1992 25·
869 1948 896 1983 11·
912 1933 967 1998 ⁰⁰·l
1144 1953 1265 2017 snum„
1282 1953 1328 2004 61.
1339 1954 1372 2013 x,
1395 1954 1472 2018 ipss
1484 1955 1540 2017 tes.
1552 1954 1610 2004 us.
1628 1955 1752 2004 narone
1766 1954 1801 2004 ru
1814 1955 1909 2019 rnen]

278 2061 337 2118 Eos
348 2058 476 2116 hortatur
487 2069 528 2126 m,
543 2073 631 2130 quum
646 2073 770 2130 regnum
786 2057 930 2114 Hiberniae
945 2056 981 2114 ad
996 2058 1073 2113 llen·
1128 2075 1245 2134 Mandat
1261 2078 1304 2133 eps
1320 2082 1351 2133 ,η
1370 2078 1400 2133 p„
1417 2091 1515 2146 cm,
1531 2093 1597 2149 quw
1614 2078 1688 2134 inte,
1708 2079 1879 2151 magiarum
1895 2085 1925 2136 et

313 2147 405 2204 lifflffl
419 2147 644 2220 1111911Ᾱῦ851)
656 2147 807 2218 11611ῑῦ1111»
821 2145 915 2202 eidem
931 2145 992 2217 ‘⁰85
1006 2144 1073 2201 ⁸¹¹1*
1164 2168 1278 2222 Fratres
1289 2166 1443 2238 llospitalis
1455 2167 1606 2223 itermonti
1618 2166 1654 2222 ab
1668 2174 1778 2234 66661
1791 2167 1924 2224 abbatem

314 2237 433 2294 veniant
454 2243 483 2293 et
515 2235 672 2292 collectam·
690 2233 797 2292 iaciant
825 2233 860 2291 ed
884 2247 1075 2305 expensarum
1164 2260 1395 2326 conventumque
1409 2253 1445 2310 ge
1464 2254 1552 2311 Moris
1564 2255 1600 2311 ,h
1621 2255 1921 2327 „1oe,3p„oe‚,efp0,

315 2323 446 2397 eiusdem
463 2338 552 2381 <mett
567 2322 771 2396 Sililfflltfldfl·
1162 2340 1256 2407 batur,
1274 2341 1356 2415 justa
1371 2349 1502 2400 tenorem
1516 2343 1645 2400 mundati
1656 2343 1858 2415 Apostolicide
1869 2344 1925 2402 hoc

320 2460 489 2521 Honorius
499 2461 811 2538 episcopusservus
821 2457 1073 2528 servorumhei‚
1161 2429 1222 2503 1⁰⁰¹
1237 2430 1296 2488 (¹⁸⁸⁵
1311 2429 1456 2488 dffiflfflff
1470 2430 1636 2504 P'mm·

279 2557 527 2619 venerabilibus
553 2556 712 2618 iratribus
741 2555 1014 2632 archiepiscopis
1044 2555 1077 2616 et
1168 2557 1335 2618 Honorius
1345 2557 1530 2634 episcopus,
1540 2572 1657 2618 servus
1669 2559 1920 2630 servorumllei,

280 2654 411 2717 (11166116
433 2655 511 2715 tiliis
529 2653 716 2726 abbatibus,
737 2653 916 2730 prioribus,
943 2654 980 2713 et·
997 2652 1075 2713 aliis
1128 2653 1313 2715 venerabili
1347 2653 1494 2716 fratri...
1521 2654 1693 2731 episcopo,
1724 2657 1757 2716 et
1790 2655 1922 2717 dilectis

280 2753 427 2828 praelatis
449 2768 489 2814 66
510 2751 694 2814 rectoribus
716 2751 935 2812 ecclesiarum
955 2749 990 2810 in
1014 2751 1077 2810 lli-
1129 2751 1259 2813 tiliis...
1285 2753 1413 2813 decano
1434 2753 1547 2814 Sancti
1566 2753 1737 2828 Stephani,
1754 2754 1787 2814 et
1807 2753 1924 2814 archi·

279 2849 395 2912 hernia
415 2851 614 2922 constitutis,
631 2849 784 2921 salutem,
802 2850 864 2909 616.
1129 2849 1269 2910 diacono
1290 2851 1459 2918 Trecensi,
1478 2851 1630 2921 salutem,
1645 2852 1707 2911 616.

318 2949 394 3010 Ν66
421 2948 554 3008 laeditur
580 2947 719 3007 libertas
744 2945 982 3016 ecclesiastica,
1017 2944 1075 3004 sed
1171 2945 1289 3006 Dilecti
1306 2946 1404 3005 11111...
1422 2947 1592 3020 magister,
1609 2946 1641 3007 et
1662 2946 1783 3008 tratres
1800 2947 1925 3024 Hospi·-
1985 3001 1989 3004 .

280 3042 477 3113 detenditur,
495 3041 750 3102 cumdesensori
764 3043 848 3117 ejus,
862 3042 950 3101 statu
962 3055 1075 3099 rerum
1128 3040 1207 3102 talis
1246 3043 1423 3102 Mormonti
1466 3058 1525 3102 sua
1562 3042 1657 3102 nobis
1694 3043 1923 3105 insinuatione

280 3140 313 3200 et
326 3140 512 3214 temporum
529 3137 695 3213 exigente,
717 3135 902 3196 subsidium
918 3132 1075 3196 liberali·
1128 3139 1368 3211 monstrarunt,
1385 3140 1472 3216 quod
1496 3156 1571 3201 cum
1597 3141 1825 3217 praedecessor
1846 3157 1922 3203 ma-

279 3236 523 3297 terenhibetur.
536 3237 615 3295 Cum
627 3250 705 3311 ergo
715 3233 889 3294 carissimo
899 3233 934 3293 in
944 3232 1075 3294 Christo
1128 3237 1225 3311 gistri
1243 3236 1403 3313 ejusdem,
1416 3239 1450 3300 et
1471 3238 1592 3301 iratres
1617 3239 1681 3315 ipsi
1701 3241 1925 3314 cognitionem

280 3332 349 3393 11116
371 3332 485 3393 nostro
499 3328 683 3411 Hlenricol,
703 3331 774 3407 regi
787 3330 968 3406 Anglorum
984 3330 1077 3391 illus·
1130 3334 1301 3410 ouJusdam
1315 3335 1501 3398 diffinitivae
1513 3336 1697 3403 sententiae,
1710 3352 1846 3411 quam...
1863 3336 1927 3395 ab·

279 3430 335 3503 tri,
352 3430 456 3491 multa
475 3430 671 3491 immineant
685 3428 953 3490 necessariarum
973 3444 1076 3491 onera
1128 3432 1188 3493 bas
1205 3434 1318 3495 Sancti
1333 3433 1508 3493 Michaelis
1521 3430 1785 3491 Tornodorensis
1797 3430 1830 3491 et
1844 3446 1928 3492 con-

280 3543 515 3604 expensarum,
542 3528 575 3588 et
591 3527 804 3605 propterhoc
820 3526 885 3587 sibi
902 3526 1078 3588 mandavi·
1126 3530 1256 3609 judices
1280 3532 1332 3589 sui
1362 3528 1505 3603 delegati
1533 3543 1553 3587 a
1579 3526 1674 3587 nobis
1713 3528 1829 3591 contra
1867 3544 1926 3589 eos

280 3642 353 3686 mus
378 3641 398 3686 6
426 3626 515 3687 clero
539 3626 668 3701 Angliae
693 3623 878 3685 subsidium
910 3623 1074 3694 exhiberi,
1125 3642 1226 3713 pro...
1250 3624 1379 3695 abbate,
1408 3639 1448 3684 ac
1466 3625 1632 3686 conventu
1650 3622 1692 3683 de
1713 3624 1828 3695 Moris,
1846 3625 1922 3684 Cis-

281 3723 534 3785 universitatem
558 3724 703 3785 vestram
732 3722 875 3784 sollicite
904 3722 1078 3782 hortamur
1128 3722 1304 3785 terciensis
1330 3720 1469 3788 ordinis,
1501 3721 1721 3797 Lingonensis
1753 3721 1918 3795 dioecesis,

280 3836 340 3897 per
365 3820 554 3895 Apostolica
585 3818 680 3880 vobis
711 3821 835 3894 scripta
868 3819 1074 3889 mandantes
1130 3835 1231 3896 super
1244 3817 1284 3878 de
1297 3820 1427 3891 Queren
1443 3819 1475 3879 et
1497 3818 1537 3879 de
1551 3818 1752 3879 Bellisverre
1772 3820 1921 3895 grangiis

280 3918 445 3993 quatenus
459 3930 534 3976 cum
558 3930 698 3989 regnum
714 3914 884 3975 iliberniae
904 3914 946 3974 ad
968 3914 1076 3989 ipsum
1130 3915 1348 3995 protulerunt,
1366 3915 1460 3977 vobis
1485 3915 1562 3976 dum
1577 3918 1624 3988 16,
1639 3914 1744 3977 frater
1756 3918 1922 3993 episcope,

281 4013 451 4089 pertinere
472 4012 641 4083 noscatur,
671 4027 709 4072 66
732 4026 791 4087 per
815 4010 879 4070 hoc
898 4009 1005 4070 eidem
1023 4010 1077 4069 in·
1130 4014 1309 4075 canonicus
1331 4014 1509 4074 Trecensis
1527 4014 1701 4086 existeres,
1718 4013 1925 4074 obtinuerint

281 4111 414 4172 cumbai
439 4108 616 4171 defendere
640 4110 828 4171 vestrarum
859 4108 1077 4169 ecclesiarum
1130 4128 1150 4171 6
1167 4112 1251 4173 Sede
1266 4112 1456 4188 Apostolica
1471 4111 1619 4187 delegari
1640 4112 1675 4172 et
1692 4110 1793 4172 fuerit
1809 4126 1922 4172 coram

278 4206 449 4269 libertates
469 4209 501 4269 et
518 4211 607 4284 jura,
622 4222 746 4285 vosque
765 4207 883 4269 deceat
905 4205 981 4277 sibi,
1002 4222 1077 4267 cum
1130 4208 1225 4270 vobis
1239 4224 1341 4285 super
1354 4208 1547 4285 hujusmodi
1567 4210 1704 4283 negotio
1720 4224 1780 4284 per
1798 4222 1923 4268 aunum

280 4321 461 4383 exposcere
498 4304 629 4367 videtur
666 4306 860 4379 necessitas,
891 4304 1079 4366 liberaliter
1131 4306 1319 4382 etamplius
1335 4306 1513 4380 litigatum,
1531 4304 1666 4365 tandem
1693 4320 1753 4380 per
1773 4304 1928 4381 praedicti·

281 4401 470 4475 subvenire,
492 4402 677 4473 collectam,
696 4402 844 4478 pensatis
868 4402 1078 4477 singularum
1131 4403 1388 4481 predecessoris
1416 4402 1582 4461 incuriam
1611 4403 1781 4477 negotium
1818 4402 1927 4477 ipsum

282 4500 499 4560 ecclesiarum
512 4497 737 4570 facultatibus,
754 4498 885 4559 16616116
901 4498 941 4558 ad
957 4515 1079 4576 espen·
1132 4502 1220 4562 ultra
1240 4498 1494 4577 quadriennium
1520 4499 1570 4559 est
1587 4498 1773 4575 neglectum
1790 4520 1799 4558 z
1824 4512 1928 4575 quare

283 4612 395 4657 sarum
411 4597 517 4673 ipsius
531 4597 621 4671 regis
634 4612 737 4657 onera
752 4595 988 4673 supportanda,
1003 4613 1078 4657 cum
1132 4598 1342 4676 postularunt
1356 4612 1376 4657 a
1389 4596 1496 4667 nobis,
1514 4596 1550 4656 61
1565 4612 1624 4672 per
1638 4596 1835 4657 beneficium
1850 4612 1927 4656 res-

283 4694 425 4755 consilio
452 4694 654 4755 venerabilis
684 4694 798 4754 fratris
825 4694 930 4754 nostri
934 4735 994 4753 .....
1022 4708 1080 4753 ar·
1132 4695 1298 4759 titutionis
1317 4695 1353 4755 in
1376 4694 1553 4768 integrum,
1569 4694 1597 4753 si
1623 4694 1666 4754 sit
1686 4693 1926 4761 necessarium,

283 4792 487 4869 chlepiscopi
503 4791 714 4852 Dublinensis
735 4791 864 4868 aliquos
882 4791 974 4851 viros
990 4793 1079 4852 notae
1133 4793 1366 4854 subvenientes
1385 4791 1522 4863 eisdem,
1539 4790 1669 4851 admitti
1684 4806 1741 4852 666
1756 4791 1797 4852 ad
1813 4806 1930 4867 prose-

283 4890 468 4967 prudentiae
493 4904 532 4953 ac
556 4889 704 4965 probatae
731 4888 808 4949 ridet
832 4888 1004 4963 eligentes,
1022 4888 1078 4964 qui
1133 4890 1300 4967 quendum
1328 4889 1547 4949 memoratum
1573 4889 1753 4963 negotium,
1773 4904 1840 4949 non
1869 4887 1930 4949 oh-

283 4988 459 5063 pecuniam
472 4988 636 5063 recipiant
648 5002 708 5064 pro
724 4986 941 5048 subventione
958 4986 1079 5062 hujus·
1133 4989 1241 5050 stante
1271 4987 1353 5049 tanti
1382 4986 1524 5046 decursu
1559 4987 1718 5062 temporis
1751 4986 1931 5047 mandare-

284 5085 373 5145 modi
393 5084 625 5160 colligendam,
651 5100 789 5161 eamque
814 5084 987 5159 assignent
1015 5083 1079 5159 ipsi
1134 5101 1218 5147 mus.
1249 5084 1391 5160 Ideoque
1424 5083 1636 5155 mandamus,
1660 5084 1835 5160 quatenus,
1865 5084 1930 5144 hoc

285 5182 536 5257 archiepiscopo
561 5184 594 5243 61
613 5182 739 5244 duobus
763 5182 850 5254 aliis,
872 5182 929 5258 qui
953 5182 995 5241 ad
1016 5182 1081 5243 hoc
1134 5200 1201 5245 non
1213 5182 1375 5254 obstante,
1389 5182 1426 5241 in
1439 5182 1573 5256 negotio
1580 5184 1678 5258 juxta
1698 5182 1820 5257 prioris
1833 5195 1931 5241 man·

285 5279 397 5341 idonei
410 5279 617 5352 videbuntur,
635 5298 695 5357 per
710 5296 767 5341 eos
782 5278 823 5341 ad
839 5295 1004 5357 expensas
1023 5279 1079 5355 ip·
1134 5282 1203 5343 dati
1224 5283 1385 5351 tenorem,
1398 5278 1623 5355 appellatione
1638 5280 1777 5352 remota,
1799 5280 1930 5340 ratione

286 5380 356 5440 sius
370 5378 471 5453 regis,
491 5394 564 5453 quse
577 5376 779 5439 videbuntur
793 5378 824 5439 ei
840 5380 873 5439 et
894 5393 997 5455 regno
1020 5393 1080 5438 suo
1135 5378 1259 5456 praevia
1272 5378 1472 5453 procedatis.
1489 5378 1581 5449 Quod
1597 5377 1705 5437 sinon
1721 5392 1847 5448 omnes,
1865 5378 1928 5437 etc.

285 5477 392 5552 magis
413 5475 624 5547 necessariae,
652 5476 917 5547 ministrandam,
943 5475 1083 5536 manda·
1137 5476 1254 5538 Datum
1268 5476 1382 5547 Reate,
1394 5476 1469 5536 XIV
1484 5473 1645 5534 kalendas
1656 5474 1827 5546 februarii,
1843 5490 1931 5552 pon-

285 5576 355 5635 tum
371 5575 519 5637 nostrum
538 5574 652 5636 taliter
670 5573 850 5651 impleturi,
867 5574 953 5653 quod
973 5574 1081 5651 ipsum
1137 5574 1283 5637 tilicatus
1297 5573 1403 5636 nostri
1417 5588 1506 5634 auno
1521 5572 1660 5633 decimo.
