4217 6400
920 307 1096 371 HONORII
1116 310 1161 372 111
1182 309 1331 373 opsita.
1910 314 1952 373 48

664 474 747 561 CXI

429 637 481 695 Ad
497 636 683 710 capitulam
696 636 980 712 strigoniensem.

586 775 619 832 is
638 775 732 831 martii
745 775 824 833 ttae.

480 908 569 974 [scien
579 907 641 957 Cod.
658 907 775 972 diplom,
788 909 830 967 ΙΙΙ,
844 922 873 967 ιι,
883 907 935 972 80.]

311 1029 347 1090 Se
362 1031 525 1102 liebertum,
542 1033 785 1105 vesprimiensem
800 1033 977 1105 episcopum,
993 1040 1098 1090 metro·

344 1121 501 1194 politanum
526 1122 752 1194 strigoniensem
772 1123 953 1179 constituisse
976 1122 1101 1194 capitulo

344 1210 534 1282 strigoniensi
562 1211 693 1280 allirmat,
729 1209 879 1284 eidemque
909 1209 1100 1268 obedientiam

343 1298 471 1356 exhiberi
485 1298 584 1370 exigit.

349 1435 529 1505 Honorius,
541 1436 617 1508 etc„
629 1436 774 1512 capitulo
790 1437 1023 1513 strigoniensi,
1035 1437 1097 1497 etc.

349 1535 388 1594 ln
403 1549 585 1609 gravamen
599 1534 830 1605 ecclesiarum,
850 1549 990 1610 quarum
1005 1532 1100 1594 nobis

309 1635 359 1692 est
378 1631 566 1693 sollicitudo
584 1632 771 1704 commissa,
789 1647 855 1692 non
870 1630 964 1692 decet
978 1631 1102 1707 aliqui-

306 1729 368 1790 bus
384 1745 445 1790 nos
460 1728 600 1800 deferre,
615 1730 775 1791 uteorum
789 1728 1100 1790 arbitrioecclesia·

308 1843 382 1888 rum
397 1827 545 1903 ipsarum
567 1827 732 1888 ordinatio
756 1828 978 1904 relinquatur3
1000 1827 1029 1886 si
1051 1826 1100 1887 eis

307 1924 342 1984 in
358 1923 482 1985 talibus
500 1941 569 1986 suae
591 1939 722 2001 semper
736 1925 982 2001 permitteretur
997 1924 1100 1985 liber-

305 2022 367 2083 tati
386 2021 550 2094 voluntas,
568 2022 717 2099 plerique
741 2027 855 2084 contra
873 2022 1042 2099 proprium
1066 2024 1100 2084 et

306 2120 441 2180 illarum
462 2119 671 2180 commodum
692 2121 840 2196 agerent,
856 2120 909 2180 vel
932 2137 999 2182 non
1018 2137 1100 2182 con-

307 2217 474 2278 suleretur
502 2217 663 2289 ecclesiis,
690 2217 747 2278 sed
775 2216 938 2292 personis.
969 2218 1098 2278 Dudum

307 2329 388 2374 sane
405 2313 642 2390 strigoniensis
669 2313 822 2385 ecclesia,
844 2313 987 2391 pastoris
1009 2315 1100 2376 sola-

306 2411 353 2472 tio
369 2411 535 2482 destituta,
549 2411 691 2487 primum
706 2411 770 2472 duo
786 2411 941 2473 videlicet
955 2427 1099 2474 venera-

306 2507 390 2569 biles
411 2507 531 2569 iratres
547 2509 689 2570 nostri...
715 2508 929 2569 cenadiensis
944 2510 1013 2571 et...
1032 2510 1098 2570 Ni·

305 2606 442 2667 triensis
457 2606 615 2683 episcopi,
628 2605 762 2667 luerunt
776 2607 812 2667 in
822 2610 894 2682 ejus
909 2607 1097 2684 archiepis-

306 2703 459 2780 copatum
479 2703 652 2778 postulati;
682 2704 738 2764 sed
764 2720 838 2764 cum
867 2704 979 2784 minus
1001 2721 1099 2766 cano·

304 2799 382 2861 nica
397 2801 569 2877 utriusque
584 2801 762 2876 postulatio
776 2800 888 2874 luerit,
904 2817 964 2862 uos
980 2803 1098 2862 neutra

305 2899 454 2974 ipsarum
478 2897 635 2970 admissa,
666 2899 745 2960 licet
767 2899 867 2959 aliter
891 2899 1098 2974 potuerimus

306 2997 348 3056 de
363 2995 451 3072 juris
470 2995 585 3071 vigore
607 2995 798 3072 procedere,
817 2995 934 3057 iterato
953 2996 1098 3071 eligendi

304 3095 359 3155 vel
383 3093 572 3171 postulandi
600 3094 760 3156 canonice
789 3094 829 3155 de
862 3095 969 3170 gratia
1004 3095 1098 3157 vobis

305 3192 531 3254 concessimus
545 3191 755 3268 potestatem3
773 3193 827 3253 sed
843 3209 917 3254 cum
927 3193 1013 3255 votis
1028 3210 1099 3255 ves·

303 3290 366 3350 tris
386 3290 421 3349 iu
443 3290 575 3350 diversa
599 3289 716 3349 divisis
733 3290 864 3366 quidam
889 3290 1099 3367 postularunt

305 3387 457 3449 eumdem
484 3386 720 3449 Cenadiensem
749 3388 950 3464 episcopum,
974 3390 1006 3451 et
1038 3388 1098 3448 alii

305 3488 341 3546 Τ.
381 3484 652 3546 archidiaconum
694 3484 899 3561 elegissent;
941 3486 1097 3561 quonlam

305 3582 598 3659 utriusquepartis
616 3597 791 3658 processus
807 3582 961 3644 inventus
976 3584 1026 3643 est
1040 3584 1099 3643 mi-

305 3696 368 3741 nus
395 3680 572 3756 legitimus,
599 3664 809 3741 electionem
824 3680 1043 3752 cassavimus,
1065 3682 1099 3742 et

304 3778 562 3855 postulationem
577 3790 644 3836 uon
664 3778 819 3838 duximus
837 3775 1095 3851 admittendam

305 3891 345 3935 ac
357 3874 452 3937 vobis
467 3875 574 3936 denuo
585 3876 728 3949 gratiam
739 3873 910 3944 iacientes,
927 3874 1098 3933 universi-

304 3974 366 4034 tati
378 3975 500 4034 vestrae
514 3988 573 4049 per
587 3973 716 4033 litteras
731 3971 862 4031 nostras
877 3970 1095 4045 injunximus,

305 4070 343 4131 ut
361 4072 502 4147 quatuor
523 4074 669 4131 vestrum
690 4068 730 4128 ad
751 4069 897 4129 nostram
922 4066 1097 4128 mitteretis

305 4168 527 4244 praesentiam,
541 4182 679 4245 quorum
693 4164 832 4226 consilio
847 4163 1013 4241 praedictae
1025 4179 1098 4240 pos·

305 4281 416 4325 semus
430 4265 580 4325 ecclesiae
592 4265 631 4325 de
646 4263 896 4338 archiepiscopo
910 4260 1095 4337 providere.

305 4364 420 4439 Nuper
443 4365 553 4423 autem
583 4361 713 4422 dilectis
739 4360 854 4420 liliis..
872 4358 1095 4430 thesauraria

305 4460 481 4522 Nicolao...
499 4461 532 4520 et
552 4461 570 4521 J
574 4473 680 4520 oanne
695 4458 865 4518 canonicis
884 4456 1096 4531 strigonien-

306 4557 398 4618 sibus
414 4573 525 4618 coram
541 4556 635 4617 nobis
647 4553 915 4629 comparentibus
927 4554 1001 4615 vice
1016 4570 1095 4614 ves-

305 4658 451 4728 tra,nos,
470 4654 636 4715 intellecta
655 4652 827 4712 voluntate
846 4652 1004 4727 ipsorum,
1022 4666 1096 4711 cum

307 4755 421 4817 eadem
444 4751 586 4813 ecclesia
611 4750 668 4809 diu
687 4748 821 4809 viduata
837 4748 997 4819 extiterit,
1010 4748 1097 4808 unde

305 4868 373 4913 non
388 4850 551 4911 modicam
572 4847 739 4907 sustimuit
763 4846 798 4906 in
820 4844 1049 4922 spiritualibus
1065 4847 1098 4905 et

304 4946 544 5025 temporalibus
580 4944 773 5015 iaesionem,
814 4959 939 5019 nosque
974 4941 1098 5003 habere

306 5046 491 5123 oportuerit
504 5044 689 5119 respectum
710 5040 751 5101 ad
773 5043 888 5107 Deum,
910 5040 1097 5099 animarum

305 5144 458 5209 salutem,
478 5141 661 5217 proiectum
674 5138 823 5199 ecclesiae
839 5136 1041 5206 memoratae,
1059 5150 1097 5195 ae

306 5239 561 5305 necessitatibus
593 5241 664 5313 ejus
693 5236 879 5306 consulere,
910 5236 1005 5310 cujus
1027 5236 1098 5309 jam

305 5338 508 5417 parcendum
524 5340 596 5397 erat
609 5336 789 5407 laboribus
799 5331 966 5409 expensis
979 5330 1098 5406 quibus

305 5440 358 5499 est
377 5437 537 5497 hactenus
553 5450 619 5495 non
640 5432 802 5494 modicum
820 5429 968 5503 fatigata,
991 5443 1098 5488 vene-

304 5536 444 5597 rabilem
470 5534 605 5594 tratrem
631 5531 779 5591 nostrum
803 5531 841 5589 R.
867 5526 1098 5602 vesprimien-

307 5650 377 5695 sem
400 5632 602 5709 episcopum,
625 5628 733 5690 virum
755 5626 910 5686 dilectum
930 5639 950 5684 a
976 5624 1044 5683 Deo
1066 5624 1099 5683 et

1158 468 1358 543 hominibus,
1386 469 1460 532 visa
1483 474 1556 549 ejus
1586 469 1841 536 conversatione
1868 486 1951 548 prae-

1157 566 1261 634 clara,
1281 567 1323 628 de
1342 583 1407 643 quo
1428 568 1511 629 certi
1536 585 1661 641 sumus,
1678 569 1764 646 quod
1783 569 1951 630 carissimi

1157 662 1192 722 in
1207 663 1339 724 Christo
1358 664 1420 723 filii
1435 666 1541 726 nostri
1561 669 1600 726 Α.
1616 667 1706 741 regis
1723 667 1904 741 Hungariae
1917 667 1951 728 et

1156 761 1252 834 regui
1273 761 1325 822 sui
1350 762 1587 824 exaltationem
1606 763 1725 838 diligit,
1741 764 1775 824 et
1788 778 1951 839 augmen-

1155 857 1243 930 tum;
1266 873 1341 918 cum
1356 859 1483 918 nullum
1499 859 1602 919 alium
1618 860 1660 920 ad
1675 860 1834 936 praedicta
1851 861 1950 922 inve·

1156 953 1304 1014 nerimus
1325 957 1392 1016 tam
1410 955 1578 1027 idoneum,
1592 956 1633 1017 de
1647 957 1788 1018 fratrum
1810 959 1948 1020 nostro-

1155 1063 1230 1110 rum
1253 1052 1395 1112 consilio
1414 1053 1456 1113 ad
1480 1054 1631 1114 eamdem
1654 1053 1831 1115 ecclesiam
1850 1069 1951 1116 assu-

1155 1148 1311 1208 mendum
1332 1165 1376 1209 ex
1403 1147 1513 1211 officio
1541 1151 1658 1212 nostro
1682 1151 1888 1227 providimus
1912 1152 1950 1212 in

1156 1247 1341 1322 pastorem
1365 1248 1399 1308 et
1422 1246 1633 1308 absolventes
1655 1262 1730 1308 eum
1758 1263 1778 1308 a
1801 1248 1947 1320 vinculo,

1156 1358 1220 1418 quo
1248 1343 1489 1418 Vesprimiensi
1517 1344 1669 1406 ecclesiae
1693 1345 1880 1417 tenebatur,
1906 1346 1950 1406 ad

1157 1438 1421 1514 strigoniensem
1436 1440 1645 1516 metropolim
1667 1441 1777 1518 ipsum
1798 1441 1948 1502 transle-

1156 1537 1272 1607 rimus,
1284 1552 1324 1597 ac
1333 1537 1396 1596 sibi
1406 1536 1583 1598 tribuimus
1593 1537 1762 1599 licentiam
1773 1540 1950 1600 transeun-

1155 1633 1200 1692 di.
1216 1634 1300 1704 Quia
1310 1649 1401 1706 vero,
1416 1634 1445 1693 si
1460 1636 1588 1710 patrem
1603 1635 1677 1711 quis
1690 1636 1824 1698 tenetur
1841 1635 1950 1697 hono-

1155 1746 1231 1790 rare
1246 1731 1428 1802 carnalem,
1444 1732 1629 1808 spiritualis
1644 1731 1742 1793 debet
1755 1732 1797 1793 ab
1815 1733 1889 1810 ipso
1907 1749 1949 1795 eo

1155 1826 1297 1904 amplius
1313 1827 1483 1898 honorari,
1507 1844 1571 1904 quo
1592 1829 1771 1905 pretiosior
1782 1831 1833 1891 est
1846 1846 1948 1892 carne

1154 1924 1292 2001 spiritus
1311 1926 1345 1985 et
1362 1925 1556 2001 corporibus
1573 1927 1651 1987 sunt
1669 1926 1791 1988 animae
1810 1927 1946 2003 dignio-

1153 2037 1208 2082 res
1236 2043 1244 2081 ε
1272 2023 1485 2084 universitati
1512 2025 1634 2084 vestrae
1664 2039 1725 2100 per
1757 2025 1948 2101 apostolica

1154 2119 1277 2196 scripta
1295 2119 1502 2191 mandamus
1520 2122 1684 2196 quatenus
1704 2121 1771 2196 ipsi
1789 2124 1947 2198 tauquam

1154 2216 1240 2293 patri
1253 2216 1287 2276 et
1301 2218 1427 2292 pastori
1441 2218 1629 2277 animarum
1639 2219 1836 2286 vestrarum,
1851 2219 1948 2295 plene

1153 2329 1193 2374 ac
1214 2313 1387 2375 humiliter
1408 2314 1600 2385 intendatis,
1626 2314 1660 2376 et
1685 2314 1872 2376 exhibeatis
1897 2316 1949 2376 ei·

1154 2410 1228 2470 dem
1250 2410 1473 2472 obedientiam
1500 2413 1534 2472 et
1557 2412 1781 2472 reverentiam
1802 2411 1947 2474 debitam

1153 2523 1193 2568 ac
1214 2509 1377 2578 devotam,
1395 2511 1468 2584 ejus
1487 2508 1636 2570 salubria
1651 2510 1779 2570 monita
1799 2511 1833 2572 et
1850 2526 1949 2570 man-

1153 2605 1230 2665 data
1253 2606 1464 2681 suscipiendo
1487 2606 1616 2674 devote,
1642 2607 1676 2667 et
1709 2605 1948 2668 inviolabiliter

1153 2700 1381 2776 observando;
1420 2703 1569 2779 alioquin
1604 2703 1814 2775 sententiam,
1847 2719 1946 2780 quam

1153 2799 1225 2875 ipse
1240 2799 1486 2861 rationabiliter
1498 2799 1614 2862 tulerit
1627 2801 1663 2860 in
1680 2799 1858 2862 rebelles...
1874 2817 1948 2862 seu-

1153 2897 1237 2956 vari.
1250 2899 1370 2958 Datum
1385 2897 1553 2964 Laterani.
1568 2899 1613 2957 111
1629 2897 1704 2958 idus
1719 2898 1843 2971 martii,
1858 2913 1946 2958 auno

1154 2992 1294 3053 decimo.

1495 3209 1601 3296 CXII

1222 3361 1274 3419 Ad
1287 3361 1464 3421 andream
1478 3375 1598 3435 regem
1612 3364 1649 3421 H
1649 3375 1874 3437 irreperorum.

1430 3500 1463 3576 is
1478 3499 1572 3556 martii
1587 3498 1667 3555 trae.

1313 3620 1404 3685 [Fejen
1419 3620 1480 3672 Cod.
1493 3620 1611 3687 diplom,
1623 3622 1665 3680 ΙΙΙ,
1683 3634 1713 3680 u,
1729 3619 1782 3685 82]

1153 3742 1184 3801 ld
1200 3743 1291 3816 ipsum
1304 3746 1391 3803 etiam
1404 3744 1536 3815 Andreae,
1551 3748 1614 3817 regi
1627 3746 1791 3819 ilungarirc,
1808 3744 1945 3813 notificat,

1240 3834 1391 3905 ipsumque
1407 3831 1550 3891 lareribus
1565 3833 1650 3905 hujus
1662 3832 1855 3890 commendat.

1192 3968 1376 4039 Honorius,
1398 3968 1473 4040 etc,
1495 3968 1568 4043 regi
1586 3969 1824 4043 Hungarorum
1844 3966 1946 4026 illus-

1152 4064 1207 4135 tri,
1222 4067 1285 4126 etc.

1192 4162 1321 4222 Dudum
1351 4162 1575 4238 strigonensis
1600 4163 1764 4235 Ecclesia,
1800 4160 1945 4239 pastoris

1152 4259 1271 4321 solatio
1290 4260 1457 4331 destituta,
1478 4264 1756 4335 stateramque
1770 4258 1944 4336 praeclara,

1152 4372 1249 4431 quem
1277 4358 1446 4432 tamquam
1472 4356 1600 4431 experti
1626 4355 1790 4428 novimus,
1816 4354 1948 4416 exalta-

1151 4454 1252 4515 tionis
1276 4455 1343 4514 tuae
1364 4451 1509 4522 avidum,
1532 4450 1664 4527 etregii
1684 4452 1862 4513 zelatorem
1878 4452 1944 4511 bo-

1152 4551 1259 4625 noris;
1287 4566 1362 4609 cum
1390 4550 1463 4625 ipse
1485 4550 1565 4610 olim
1593 4550 1642 4610 sio
1665 4548 1857 4621 eiilcaciter,
1880 4564 1946 4625 quo

1152 4648 1263 4707 nullus
1288 4646 1374 4706 alius
1399 4646 1580 4718 elilcacius,
1606 4662 1666 4723 pro
1690 4646 1836 4708 sedanda
1870 4662 1946 4707 cum

1152 4744 1278 4805 honore
1301 4746 1360 4804 tuo
1384 4744 1552 4804 discordia
1580 4744 1669 4805 inter
1692 4746 1737 4814 te,
1765 4745 1798 4804 ct
1831 4744 1946 4804 natum

1151 4844 1244 4903 tuum
1260 4838 1373 4901 habita
1396 4840 1577 4914 laboravit;
1599 4841 1640 4900 ad
1662 4840 1812 4901 eamdem
1834 4841 1946 4901 eccle-

1153 4940 1251 5010 siam,
1268 4954 1344 4998 cum
1368 4937 1498 4997 nullum
1515 4938 1619 4998 alium
1634 4937 1860 4999 invenerimus
1876 4940 1945 4998 tam

1153 5036 1321 5106 idoneum,
1346 5035 1387 5096 de
1413 5033 1554 5095 fratrum
1577 5036 1768 5095 nostrorum
1791 5035 1944 5107 consilio,

1153 5133 1388 5194 assumendum
1410 5148 1453 5193 ex
1471 5130 1582 5193 cilicio
1603 5135 1717 5193 nostro
1741 5132 1946 5209 providimus

1153 5232 1189 5291 iu
1211 5231 1388 5306 pastorem,
1413 5231 1445 5290 et
1469 5228 1679 5291 absolventes
1704 5245 1780 5289 eum
1798 5229 1943 5302 vinculo,

1154 5344 1218 5404 quo
1241 5326 1497 5402 wesprimiensi
1518 5327 1669 5387 ecclesiae
1694 5325 1880 5399 tenebatur,
1904 5327 1946 5387 ad

1155 5424 1416 5499 strigoniensem
1443 5424 1652 5499 metropolim
1674 5424 1784 5499 ipsum
1808 5424 1948 5485 transle-
2040 5446 2045 5450 ·

1152 5522 1270 5592 rimus,
1294 5537 1334 5582 ac
1363 5520 1426 5581 sibi
1449 5520 1627 5582 tribuimus
1643 5520 1823 5582 licentiam
1846 5523 1944 5582 tran-

1153 5619 1283 5682 seundi.
1297 5619 1459 5691 Quocirca
1474 5618 1689 5680 serenitatem
1703 5619 1831 5695 regiam
1845 5632 1948 5693 roga·
