4217 6400
165 335 185 422 s
792 325 1021 390 nmeronm.
1044 326 1124 388 nm.
1146 327 1187 386 x.
1683 338 1686 343 ,
1788 331 1808 388 ο

163 493 289 554 circum
300 490 433 569 scripta,
446 491 553 567 ipsum
565 503 624 568 per
634 503 670 550 se
679 459 851 550 vinculum
863 487 959 563 quasi

163 605 224 668 pro
244 604 338 651 sacro
361 587 482 665 ubique
504 588 670 650 terrarum
685 587 717 647 et
731 586 878 661 gentium
893 585 958 645 ba-

162 685 292 758 beatur,
307 701 369 746 nec
384 687 562 748 estimetur
586 685 692 745 levem
714 685 826 744 notam
840 682 957 742 incur-

163 799 240 845 rere
272 784 470 860 quicumque
493 782 584 844 illius
611 781 776 842 exstiterit
803 779 955 840 violator.

164 882 258 943 Unde
276 883 333 956 qui
347 883 478 942 veteres
492 880 665 941 revolvere
680 879 769 940 volet
787 877 955 947 historiae,

164 979 311 1040 inveniet
329 978 450 1039 multos
466 992 525 1053 pro
541 977 599 1037 illo
615 976 778 1036 servando
798 974 957 1034 inhuma-

163 1077 217 1136 nis
236 1075 329 1146 cibis,
348 1075 485 1150 urgente
500 1073 683 1136 obsidionis
703 1073 870 1148 angustia,
885 1087 958 1132 esse

165 1189 253 1246 usos,
272 1174 315 1245 et,
336 1172 403 1232 illis
421 1188 550 1250 quoque
564 1171 805 1240 deficientibus
817 1169 958 1244 elegisse

164 1271 274 1347 potius
299 1269 386 1331 lame
408 1270 550 1332 deiicere
575 1285 674 1346 quam
696 1266 868 1328 fidelitatis
884 1267 960 1327 vin-

164 1367 276 1428 culum
291 1367 430 1428 violare.
446 1370 495 1427 Tu
517 1382 608 1434 vero,
625 1366 711 1427 sicut
731 1365 904 1425 carissimo
923 1364 958 1423 in

165 1465 295 1526 Christo
324 1464 394 1526 tilio
424 1466 539 1526 nostro
561 1461 722 1541 H(enrico
740 1460 808 1539 ΙΙΙ)
835 1461 959 1522 illustri

164 1577 244 1637 rege
279 1562 462 1636 Anglorum
494 1561 731 1637 conquerente,
768 1559 956 1629 didicimus,

66 1699 70 1704 -
163 1658 237 1720 haec
252 1673 472 1734 nequaquam,
490 1659 590 1733 prout
603 1659 636 1718 te
651 1656 826 1727 decuisset,
849 1656 960 1716 atten-

161 1754 260 1826 dens,
284 1754 477 1816 fidelitatem
506 1769 571 1831 qua
600 1754 665 1830 ipsi
691 1754 763 1828 regi
786 1752 958 1814 tenebaris

161 1851 350 1924 adstrictus,
366 1851 399 1912 et
413 1851 521 1912 adbuc
534 1865 664 1927 quoque
678 1849 814 1919 teneris,
829 1864 904 1909 cum
917 1847 959 1907 ab

163 1963 215 2020 ea,
243 1949 279 2010 ut
302 1948 460 2020 creditur,
482 1947 516 2008 te
541 1961 752 2024 nequaquam
765 1944 957 2016 absolverit,

161 2045 254 2106 nulla
269 2045 367 2105 lamis
382 2044 516 2105 nullave
532 2043 715 2104 obsidionis
738 2044 871 2104 coactus
893 2057 957 2103 an-

162 2141 272 2218 gustia
287 2141 437 2217 violasti;
453 2142 569 2203 contra
587 2142 815 2218 Juramentum
840 2155 904 2217 quo
927 2139 959 2200 te

162 2240 204 2301 ad
229 2239 322 2300 illam
343 2239 542 2302 servandam
566 2237 782 2311 astrinxeras,
802 2235 898 2298 lamae
919 2252 959 2297 ac

162 2336 280 2398 salutis
293 2337 357 2398 tuae
372 2335 530 2412 prodigus
542 2335 719 2396 veniendo

203 2435 284 2493 Cum
305 2432 408 2508 igitur
428 2433 550 2495 totiens
576 2435 716 2510 pejores
735 2429 918 2508 quotiensl
938 2462 957 2475 -

163 2531 256 2592 ciens
270 2528 316 2609 (1)
327 2531 441 2592 contra
457 2529 627 2594 fidelitatis
637 2530 862 2607 juramentum
878 2545 960 2605 prae·

162 2627 276 2691 stitum
291 2627 378 2690 dicto
391 2627 464 2704 regi
478 2625 539 2708 (2),
551 2643 623 2700 nos,
634 2627 691 2705 qui
704 2643 747 2688 ex
759 2626 868 2689 debito
881 2643 960 2703 pas-

162 2723 279 2786 toralis
306 2723 409 2786 cilicii
435 2724 588 2786 tenemur
608 2727 676 2784 Deo
702 2722 742 2783 de
769 2723 880 2784 anima
902 2724 959 2782 tua

163 2821 305 2884 reddere
327 2821 501 2892 rationem,
525 2820 593 2882 tam
614 2819 827 2880 manifestum
853 2819 958 2895 ipsius

162 2917 283 2980 animae
314 2919 381 2978 tuae
415 2916 600 2994 periculum
622 2917 695 2977 sine
717 2917 831 2977 nostro
855 2915 958 2976 dissi-

163 3016 293 3077 mulare
314 3014 463 3094 periculo
484 3030 551 3075 non
571 3014 731 3086 valentes,
749 3012 960 3091 prudentiam

165 3117 258 3176 tuam
289 3112 533 3174 sollicitandam
570 3111 725 3174 duximus
756 3112 789 3173 et
821 3126 961 3171 monen-

166 3212 254 3283 dam,
269 3225 328 3288 per
340 3209 531 3287 Apostolica
546 3211 606 3271 tibi
619 3211 743 3287 scripta
755 3209 895 3271 tirmiter
905 3210 961 3269 in-

160 3307 333 3386 jungendo
351 3308 559 3379 mandantes
582 3308 755 3384 quatenus,
777 3306 874 3369 lamae
893 3307 959 3368 tuae

163 3404 342 3483 providens
370 3420 411 3465 ac
438 3403 549 3478 saluti,
578 3404 620 3465 ad
648 3403 840 3465 fidelitatem
855 3402 960 3480 ipsius

163 3503 264 3579 regis,
275 3503 451 3563 occasione
462 3518 501 3563 ac
512 3501 728 3593 excusatione
738 3499 958 3571 cessantibus,

164 3598 294 3673 redeas,
312 3600 348 3662 ut
364 3598 501 3671 teneris,
524 3613 701 3676 servesque
722 3596 961 3659 inviolabiliter

165 3696 229 3757 sibi
243 3696 425 3773 praestitum
435 3697 673 3773 juramentum,
682 3694 873 3773 Juramento
886 3709 961 3755 con-

165 3794 270 3855 trario
286 3809 352 3855 non
370 3793 534 3865 obstante,
551 3792 681 3869 siquod
697 3792 838 3855 forsitan
849 3807 959 3868 praes-

163 3889 271 3965 titisti,
289 3906 364 3952 cum
376 3890 530 3952 illicitum
544 3889 645 3952 tuerit
664 3890 698 3953 et
711 3890 787 3951 ideo
799 3904 867 3950 non
883 3904 960 3949 ser-

162 3987 308 4049 vandum
319 3987 486 4049 :salubres
495 3987 693 4049 monitiones
702 3988 834 4048 nostras
847 3986 962 4049 taliter

163 4083 349 4155 auditurus,
366 4084 464 4161 quod,
481 4084 716 4145 reconciliatus
731 4084 876 4156 terreno,
893 4099 962 4145 coe-

162 4181 241 4243 lasti
258 4196 387 4258 quoque
403 4180 617 4240 reconciliari
631 4181 771 4239 Domino
786 4181 958 4253 merearis,

167 4279 277 4339 sciens
301 4292 363 4339 nos
386 4275 633 4339 venerabilibus
657 4274 814 4337 iratribus
838 4278 960 4338 nostris

163 4375 311 4453 Aquensi
333 4376 365 4436 et
386 4374 563 4436 vasatensi
587 4372 763 4450 episcopis,
785 4372 819 4433 et
840 4373 961 4434 dilecto

164 4472 234 4533 filio
260 4472 498 4533 archidiacono
524 4470 711 4543 vasatensi,
740 4486 801 4547 per
828 4472 960 4531 nostras

164 4565 294 4631 litteras
312 4567 522 4629 mandavisse
538 4570 584 4639 ut,
605 4568 672 4629 nisi
687 4568 858 4629 curaveris
873 4567 961 4629 inira

164 4682 311 4727 mensem
322 4668 398 4743 post
409 4665 632 4742 receptionem
646 4666 874 4742 praesentium,
887 4682 962 4727 nos·

164 4766 254 4825 trum
268 4763 304 4825 in
319 4764 382 4824 hoc
406 4762 588 4839 adimplere
611 4763 814 4835 mandatum,
839 4764 906 4840 ipsi
928 4764 960 4824 te

201 4972 246 5110 (lt
256 4973 413 5045 boematum
425 4971 506 5031 iacis.
525 5044 531 5056 ι

202 5047 231 5119 (2
260 5046 397 5101 Famosos
414 5042 450 5101 ob
466 5042 580 5100 dubiam
598 5043 684 5101 iidem
699 5044 894 5102 Pictavienses
907 5043 958 5101 ba·

165 5130 251 5173 rones
265 5116 460 5196 perstringunt
476 5115 628 5185 scriptores
647 5130 762 5183 omnes,
780 5122 838 5173 tam
859 5116 960 5173 Franci

165 5202 252 5259 quarn
273 5188 316 5245 An
340 5186 395 5243 lici.
424 5187 470 5243 Sic
492 5186 658 5243 Guillelmus
681 5186 860 5254 armoricus,
883 5193 960 5243 tomo

165 5264 263 5386 gggtro
283 5202 373 5383 ΙΙΙῗΙΙ,
389 5270 457 5331 pag.
473 5256 534 5325 leo,
550 5255 724 5328 Philippides
743 5256 791 5314 lib.
810 5258 858 5329 vl,
875 5272 961 5315 vorsu

220 5342 323 5399 ,niqui
351 5342 359 5383 ε

235 5435 274 5491 At
286 5433 368 5501 Picti,
380 5433 480 5504 quibus
491 5438 532 5491 cst
544 5432 609 5505 fidei
622 5434 741 5490 mmctio
755 5448 864 5503 semper

237 5506 327 5563 Greia
336 5520 433 5573 coms,
444 5504 528 5561 oeric
539 5505 595 5560 uice
608 5504 657 5575 qai
668 5504 790 5561 didicere
798 5504 925 5574 foveram

237 5576 321 5632 Naue
334 5575 409 5642 laic,
421 5590 497 5631 canc
509 5574 554 5630 illi
563 5575 687 5631 cerotem
699 5588 834 5644 seponere
849 5575 925 5644 repi;

167 5714 170 5721 Ι
238 5646 329 5703 Nulla
343 5645 671 5717 tcmnqsemmcm
680 5645 959 5714 occeptaticrormis.

1013 486 1055 548 ad
1073 486 1107 546 id
1122 500 1183 562 per
1197 501 1372 548 censuram
1385 485 1657 558 ecclesiasticam,
1675 486 1805 549 sublato

1013 583 1246 661 appellationis
1265 583 1511 660 impedimento,
1528 584 1736 660 compellant.
1758 588 1807 646 Tu
1916 650 1921 656 ,

1013 697 1104 756 ergo,
1122 683 1207 741 sicut
1218 674 1273 742 vi'r
1287 681 1454 757 providus,
1467 682 1577 758 potius
1591 683 1697 758 eligas
1713 699 1808 744 erro-

1013 794 1084 838 rem
1094 780 1189 840 tuum
1199 778 1371 840 humiliter
1379 779 1614 840 satisfaciendo
1624 781 1805 855 corrigere,

1014 892 1111 952 quam
1133 876 1184 936 illi
1209 876 1424 952 pertinaciter
1443 877 1627 938 insistendo
1648 878 1808 939 inducere

1012 973 1223 1050 temetipsum
1238 974 1273 1033 in
1295 976 1367 1050 ejus
1382 974 1593 1035 necessitatis
1613 975 1804 1048 articulum,

1013 1071 1053 1131 de
1066 1087 1131 1146 quo
1144 1086 1212 1131 non
1227 1070 1326 1132 facile
1338 1073 1372 1132 te
1383 1071 1496 1132 valeas
1508 1072 1676 1148 expedire.
1687 1075 1806 1135 Datum

1014 1171 1128 1241 Reate,
1143 1172 1187 1230 vl
1200 1169 1275 1229 idus
1287 1169 1447 1246 januarii,
1465 1184 1552 1230 anno
1568 1169 1707 1231 decimo.

1054 1305 1266 1364 Ic'ercmdem
1288 1305 1427 1363 mediam
1445 1305 1685 1378 scriptumest
1704 1303 1809 1365 nobili

1013 1400 1086 1461 viro
1102 1399 1249 1460 Galfrido
1265 1401 1305 1460 de
1319 1400 1515 1472 Leziniaco;

1053 1498 1143 1558 Item
1156 1495 1259 1558 nobili
1272 1497 1345 1560 viro
1360 1498 1548 1560 vicecomiti
1561 1499 1806 1576 Lemovicens13

1052 1596 1143 1656 Item
1162 1594 1267 1655 nobili
1281 1595 1354 1656 viro
1371 1597 1529 1656 savarico
1545 1595 1585 1656 de
1600 1596 1806 1670 Maloleone3

1053 1693 1143 1754 Item
1162 1691 1267 1753 nobili
1285 1693 1359 1752 viro
1377 1693 1531 1754 Americo
1553 1693 1594 1753 de
1613 1696 1718 1770 Rupe,
1735 1695 1807 1754 En-

1014 1790 1225 1864 golismensis
1239 1788 1409 1862 dioecesis;

1053 1887 1143 1947 Item
1156 1885 1260 1945 nobili
1275 1887 1347 1946 viro
1361 1887 1494 1961 Hugoni
1506 1887 1547 1947 de
1559 1887 1741 1963 Tboarcio;

1053 1984 1144 2044 Item
1156 1983 1259 2044 nobili
1270 1983 1343 2044 viro
1351 1983 1519 2045 Willelmo
1529 1984 1689 2060 Maingot,
1700 1986 1810 2046 Xanc·

1013 2080 1164 2143 tonensis
1179 2079 1352 2155 dioecesis3

1054 2178 1143 2238 Item
1172 2176 1278 2238 nobili
1304 2179 1377 2239 viro
1399 2175 1546 2238 Gallrido
1581 2177 1622 2238 de
1658 2181 1806 2258 Rancon,

1013 2273 1258 2334 xanctonensis
1278 2273 1432 2336 dioecesis
1446 2299 1454 2350 3

1053 2372 1145 2432 Item
1163 2371 1267 2432 nobili
1281 2372 1354 2433 viro
1371 2373 1555 2450 Reginaldo
1575 2372 1615 2434 de
1635 2373 1806 2446 Pontibus,

1012 2469 1258 2531 xanctonensis
1274 2459 1447 2546 dioecesis3

1052 2567 1143 2627 Item
1167 2566 1272 2627 nobili
1292 2567 1366 2628 viro
1388 2568 1500 2628 comiti
1521 2568 1809 2646 petragoricensi3

1052 2665 1142 2724 Item
1158 2664 1260 2724 nobili
1273 2664 1345 2726 viro
1361 2665 1508 2726 Galirido
1526 2667 1649 2745 Rudel;

1053 2761 1143 2820 Item
1159 2760 1262 2822 nobili
1272 2761 1344 2823 viro
1355 2762 1523 2823 Willelmo
1535 2764 1788 2841 archiepiscopo
1802 2787 1810 2842 3

1053 2857 1144 2916 Item
1162 2857 1309 2934 Aquensi
1333 2857 1366 2918 et
1386 2859 1563 2918 vasatensi
1586 2859 1762 2937 episcopis,
1778 2863 1812 2922 et

1014 2952 1250 3014 archidiacono
1263 2954 1450 3025 vasatensi,
1463 2955 1573 3015 verbis
1587 2957 1812 3032 competenter

1015 3050 1161 3122 mutatis,
1175 3052 1222 3123 ut,
1242 3051 1271 3112 si
1286 3051 1374 3113 intra
1388 3068 1535 3113 mensem
1555 3054 1629 3130 post
1641 3055 1809 3131 receptio-

1014 3164 1091 3211 nem
1130 3147 1317 3211 litterarum
1365 3150 1514 3227 ipsarum
1560 3150 1640 3214 dicti
1683 3152 1811 3215 nobiles

1014 3246 1206 3307 mandatum
1246 3248 1473 3325 apostolicum
1513 3264 1580 3310 non
1620 3251 1812 3314 curaverint

1015 3344 1209 3419 adimplere,
1238 3344 1304 3420 ipsi
1328 3360 1385 3406 eos
1419 3345 1459 3407 ad
1491 3346 1525 3407 id
1551 3363 1811 3423 percensuram

1015 3440 1286 3513 ecclesiasticam,
1304 3441 1434 3503 sublato
1450 3443 1684 3521 appellationis
1704 3445 1812 3522 impe-

1016 3536 1173 3609 diment0,
1191 3539 1402 3615 compellant,
1420 3557 1487 3602 non
1513 3541 1664 3603 obstante
1684 3544 1811 3604 consti-

1014 3634 1142 3696 tutione
1167 3634 1207 3696 de
1230 3636 1357 3698 duobus
1381 3638 1490 3699 diaetis
1503 3639 1592 3699 edita
1611 3640 1647 3700 in
1663 3639 1810 3700 Concilio

1015 3731 1176 3809 generali.
1192 3733 1284 3805 Quod
1299 3732 1328 3795 si
1342 3748 1410 3793 non
1423 3750 1548 3807 omnes
1564 3736 1626 3796 etc.
1641 3737 1759 3797 Datum
1774 3739 1812 3798 ut

1015 3845 1128 3907 supra.

1333 4026 1492 4114 LXXXI

1036 4178 1089 4237 Ad
1101 4178 1295 4250 Aquensem
1309 4177 1345 4237 et
1366 4177 1589 4239 vasatensem
1601 4180 1786 4253 episcopos.

1289 4304 1440 4379 ttjanuarii
1456 4306 1534 4364 1226.

1057 4428 1177 4492 [liegest.,
1190 4426 1236 4477 lib.
1251 4428 1284 4487 X,
1297 4442 1338 4493 ep.
1354 4429 1408 4481 Iti.
1421 4431 1479 4480 bles.
1492 4431 1529 4481 La
1539 4433 1613 4483 Portc
1627 4432 1661 4481 du
1672 4433 1765 4495 Thell]

1017 4622 1023 4641 Ι
1055 4554 1092 4610 llt
1105 4552 1241 4611 mandata
1256 4553 1419 4626 Apostolica
1434 4562 1532 4613 oontm
1547 4545 1670 4615 barones
1684 4558 1769 4631 regni

1163 4642 1277 4715 Angites
1289 4643 1434 4715 subjectos
1446 4645 1661 4725 supersedeant,

1055 4767 1235 4836 Honorius,
1253 4768 1329 4839 etc,
1345 4767 1592 4830 venerabilibus
1609 4770 1807 4831 tratribus...

924 4964 929 4978 ’
1050 4975 1129 5034 Idem
1151 4976 1246 5047 babet,
1268 4978 1317 5035 lib.
1339 4980 1417 5047 vlll,
1434 4980 1594 5048 versabit,
1610 4996 1678 5054 pag.
1694 4982 1756 5039 218.
1774 4984 1810 5039 m

1015 5047 1166 5105 llattbseus
1188 5050 1280 5118 Paris,
1303 5050 1333 5107 in
1357 5050 1460 5107 eodem
1481 5050 1635 5119 volumine,
1656 5052 1692 5109 de
1720 5054 1812 5111 Picta·

1014 5118 1160 5176 viensibue
1174 5120 1293 5190 loquens
1309 5137 1316 5176 ε
1334 5121 1356 5176 0
1377 5121 1477 5177 inuata
1498 5121 1720 5180 Pictcuiemilms
1737 5140 1807 5195 pro·

1014 5190 1107 5245 ddici
1135 5189 1276 5247 exclamat
1301 5190 1385 5257 ibid,
1408 5206 1477 5263 pag.
1503 5192 1565 5249 759.
1589 5194 1728 5250 Caeterum
1753 5195 1809 5266 ipsi

1014 5260 1149 5316 Pictavire
1166 5259 1298 5327 barones,
1316 5275 1331 5317 a
1347 5260 1402 5317 tide
1419 5261 1531 5333 Angliae
1545 5264 1607 5335 regi
1622 5262 1717 5320 debita
1736 5264 1807 5321 deti·

1014 5329 1135 5397 cientes,
1152 5345 1227 5388 anno
1248 5332 1327 5399 itti,
1341 5346 1441 5388 mense
1457 5333 1544 5401 maio,
1560 5348 1651 5391 novas
1661 5350 1727 5393 cum
1740 5350 1811 5417 rege

1015 5399 1159 5457 Ludovico
1173 5402 1295 5458 inierant
1317 5400 1433 5459 loederis
1451 5405 1668 5475 conventiones,
1682 5419 1754 5479 quas
1766 5419 1810 5461 v1·

1015 5470 1219 5599 ggfeffiqapm
1231 5473 1413 5542 Menenium,
1423 5482 1444 5531 t.
1456 5475 1656 5533 lCottectioais
1663 5476 1811 5545 emptos,
