4217 6400
936 274 1113 336 HONORII
1134 276 1180 334 111
1200 275 1349 336 OPERA.
1921 280 1964 343 68
2064 292 2065 295 ’

572 428 584 448 ”
636 440 790 527 CXXXI

394 593 446 652 Au
466 590 665 650 abbatemet
684 593 845 664 priorem
856 591 890 651 S.
905 591 1037 651 Jattaat

346 688 380 749 et
395 689 623 750 subdecanum
639 689 673 747 S.
696 687 843 748 Martini
860 691 1081 749 Turonensis.

618 817 717 876 imail
735 819 813 876 teto.

356 943 477 1008 [liegest.,
494 941 585 999 ltux,
597 953 636 1004 ep.
651 943 707 994 set.
721 943 779 992 llss.
792 943 830 994 La
844 943 919 994 Parte
930 943 964 994 du
978 942 1073 1007 rheu]

317 1065 427 1124 liuteis
441 1065 618 1138 provinciam
642 1065 887 1139 archiepiscopum
914 1069 1111 1124 Turonensem

349 1153 573 1226 episcopumque
607 1153 853 1212 cenomanensem
886 1153 922 1211 ad
955 1169 987 1212 se
1013 1169 1109 1212 corum

350 1241 514 1314 Apostoliea
532 1239 616 1309 Sede,
641 1240 713 1298 infra
737 1242 857 1299 duorum
879 1243 1033 1300 terminum
1057 1257 1108 1300 an·

351 1343 453 1386 norum
467 1329 626 1385 sistendum
639 1329 773 1402 cogendi,
796 1330 852 1386 nisi
874 1345 972 1400 eausa,
988 1345 1052 1402 ques
1063 1332 1109 1387 in·

349 1424 392 1476 ter
407 1417 485 1489 ipsos
497 1418 669 1487 vertebatur,
685 1419 901 1478 accommodata
917 1418 1026 1479 fuisset.

354 1552 533 1620 Honorius,
563 1555 638 1624 etc,
676 1551 804 1614 dilectis
839 1553 956 1613 tiliis...
986 1551 1108 1626 abbati,

315 1649 385 1711 et...
401 1650 505 1726 priori
522 1651 554 1709 S.
570 1649 697 1711 Juliani
711 1649 780 1710 et...
794 1649 981 1712 subdecano
998 1651 1110 1712 Sancti

315 1746 452 1807 Martini
467 1747 682 1818 Turonensis,
699 1748 851 1819 salutem,
880 1747 942 1808 etc.

355 1842 571 1904 venerabiles
585 1841 705 1904 iratres
721 1845 864 1905 nostri...
881 1843 1111 1920 archiepisco-

316 1953 378 2030 pus
390 1939 593 2000 Turonensis
609 1940 677 2001 et...
695 1941 953 2001 Cenomanensis
975 1939 1109 2016 episeo-

315 2051 377 2112 pus
388 2035 458 2095 suis
470 2035 566 2096 nobis
577 2036 697 2097 litteris
710 2037 917 2108 intimarunt,
935 2037 1020 2114 quod
1034 2051 1109 2097 cum

315 2146 374 2207 pro
390 2147 502 2204 causa,
523 2147 596 2208 quae
611 2132 753 2193 vertitur
767 2133 855 2194 inter
869 2149 936 2204 eos,
952 2133 1063 2194 essent
1075 2133 1110 2193 in

314 2227 792 2290 festoNativitatisDominieae
805 2229 846 2289 ad
861 2233 1007 2290 nostram
1024 2243 1111 2306 prae-

315 2325 458 2386 sentiam
487 2325 626 2396 evocati,
655 2325 846 2401 hujusmodi
880 2326 1042 2387 terminus
1069 2325 1110 2386 de

315 2421 488 2498 utriusque
503 2437 667 2483 consensu
684 2422 864 2498 fultusque
888 2423 929 2484 ad
945 2423 1027 2484 duos
1043 2439 1108 2483 an-

315 2534 375 2580 nos
391 2517 451 2579 sub
462 2534 519 2595 spe
534 2519 637 2594 pacis,
651 2520 684 2582 et
699 2519 884 2581 concordiae
898 2521 1106 2598 prorogatus,

245 2647 253 2672 a
317 2616 470 2677 sitamen
492 2616 525 2677 id
540 2617 627 2678 esset
648 2617 813 2679 denostro
831 2615 1110 2693 beneplacitoru-

314 2713 464 2786 luntatis,
502 2713 737 2790 supplicantes,
771 2715 809 2775 ut
840 2715 948 2775 ratam
983 2713 1108 2774 habere

315 2810 583 2890 prorogationem
636 2809 826 2888 hujusmodi
881 2811 1106 2888 dignaremur.

314 2909 384 2968 Nos
405 2906 509 2983 igitur
533 2907 641 2968 ratam
656 2905 815 2969 habentes
838 2907 1109 2986 prorogationem

314 3003 474 3075 eamdem,
511 3003 705 3064 discretioni
739 3004 860 3065 vestrae
903 3019 963 3081 per
1001 3007 1110 3082 Apos-

313 3093 416 3162 tolica
443 3101 567 3176 scripta
600 3100 806 3174 mariamne,
829 3103 1009 3177 quaterue,
1040 3101 1108 3162 nisi

313 3196 492 3259 concordia
501 3198 720 3260 intervenerit
734 3198 822 3259 infra
835 3200 1014 3260 terminum
1026 3214 1109 3276 prae·

314 3296 476 3367 notatum,
492 3293 693 3365 ,auctoritate
706 3298 819 3357 nostra
837 3295 1021 3372 injungatis
1040 3296 1109 3356 eis-

314 3390 400 3465 dem,
416 3392 452 3453 ut
471 3397 551 3453 tuno
572 3407 632 3467 per
651 3406 698 3465 se,
720 3392 772 3455 vel
793 3408 853 3468 per
873 3394 1108 3469 procuratores

312 3486 451 3549 idoneos
466 3490 681 3564 compareant
696 3502 807 3549 eoram
832 3488 927 3549 uobis
940 3505 1014 3550 cum
1029 3502 1109 3564 pro-

311 3584 512 3659 bationibus,
525 3586 558 3649 et
568 3584 752 3646 rationibus
762 3584 839 3647 aliis
849 3584 891 3647 ad
902 3584 1010 3663 ipsam
1018 3600 1109 3661 spec·

311 3683 458 3745 tentibus
472 3683 688 3760 quaestionem
706 3684 843 3758 justam,
866 3682 1003 3744 auctore
1026 3685 1106 3755 Deo,

313 3780 512 3841 sententiam
525 3778 702 3855 recepturi.
716 3778 807 3851 Quod
820 3778 849 3839 si
862 3794 929 3841 non
940 3794 1105 3839 omnes...

313 3878 433 3940 Datum
458 3876 625 3947 Laterani,
650 3876 694 3935 Vl
718 3874 878 3937 kalendas
900 3876 997 3949 maii,
1018 3890 1107 3937 auno

314 3972 454 4034 decimo.

619 4138 795 4227 CXXXII

204 4280 207 4287 ’
310 4289 363 4353 Aa
382 4289 591 4367 magistram
611 4296 646 4351 et
665 4290 797 4362 fratres
811 4288 944 4353 mttttta
964 4290 1104 4365 rcapti.

608 4416 711 4475 imail
732 4417 810 4477 itio.

431 4542 523 4606 [Teium
538 4541 599 4592 Cod.
612 4540 718 4605 diplom.
732 4542 825 4604 Hung,
840 4541 890 4606 lll,!
900 4556 928 4600 u,
942 4540 994 4608 m]

311 4666 486 4725 Donationes
508 4663 545 4721 ab
565 4664 679 4722 Audies
704 4680 773 4738 rege
795 4666 949 4739 liungerite
972 4665 1106 4725 fraribus

345 4753 571 4825 mllltire'lempll
586 4750 676 4810 factes
691 4762 820 4813 recenset
835 4760 864 4811 et
877 4754 1036 4813 confirmat.

350 4885 518 4947 Honorius
528 4884 714 4962 episcopus,
724 4900 842 4949 servus
851 4902 1022 4949 servorum
1032 4890 1102 4961 Dei,

1170 433 1283 494 dilecti
1311 431 1383 508 tilii,
1411 433 1531 494 vestris
1554 433 1656 510 justis
1685 433 1966 511 postulationibus

1165 531 1260 604 grato
1283 532 1521 592 concurrentes
1543 546 1696 604 assensu,
1712 532 1821 594 terras
1841 531 1876 594 et
1894 533 1965 594 alia

1165 626 1252 686 dona
1267 626 1361 686 vobis
1377 627 1583 688 acarissimo
1598 627 1634 688 in
1649 627 1780 689 Christo
1795 626 1865 688 filio
1878 643 1963 698 nos·

1165 725 1216 782 tro
1237 723 1381 795 Andrea,
1398 723 1522 784 illustri
1536 740 1616 800 rege
1630 725 1822 802 naugerio,
1839 725 1896 801 pia
1914 723 1964 785 li-

1165 819 1342 881 beralitate
1368 820 1501 891 collata,
1526 821 1626 897 prout
1647 821 1683 882 in
1706 821 1813 897 ipsius
1840 821 1964 883 litteris

1165 916 1296 991 plenius
1312 918 1510 990 continetur,
1532 918 1618 979 sicut
1632 933 1671 978 ea
1691 919 1802 981 omnia
1818 919 1910 995 juste
1922 933 1964 978 ac

1165 1013 1304 1090 pacifice
1322 1013 1527 1085 obtinuistis,
1543 1014 1637 1076 robis
1650 1017 1685 1075 et
1697 1031 1758 1091 per
1772 1031 1832 1077 vos
1847 1013 1965 1076 domui

1166 1109 1294 1172 militiae
1310 1111 1438 1188 Templi
1452 1111 1650 1173 auctoritate
1664 1110 1855 1188 apostolica
1876 1127 1962 1172 cou-

1165 1207 1346 1281 firmamus,
1373 1210 1407 1272 et
1429 1209 1603 1285 praesentis
1631 1208 1748 1284 scripti
1772 1207 1962 1285 patrocinio

1165 1305 1418 1366 communimus.
1444 1305 1491 1366 Ad
1512 1307 1674 1381 majorem
1697 1307 1808 1367 autem
1823 1305 1873 1366 rei
1888 1305 1963 1365 evi-

1165 1400 1322 1472 dentiam,
1346 1404 1495 1464 tenorem
1527 1402 1715 1464 litterarum
1749 1403 1896 1478 ipsarum
1920 1405 1963 1481 de

1165 1497 1266 1558 verbo
1281 1499 1323 1560 ad
1338 1499 1475 1560 verbum
1490 1499 1711 1576 praesentibus
1735 1499 1892 1560 dommus
1905 1501 1965 1562 in·

1165 1594 1354 1666 serendum,
1372 1597 1429 1673 qui
1443 1596 1521 1658 talis
1535 1597 1608 1658 est:

1206 1694 1244 1752 In
1274 1694 1408 1755 nomine
1439 1695 1472 1754 S.
1504 1693 1690 1765 Trinitatis,
1716 1694 1750 1754 et
1778 1693 1962 1758 individuus

1166 1790 1321 1852 Unitatis.
1349 1791 1524 1863 Henricus,
1545 1790 1603 1852 Dei
1628 1791 1737 1866 gratia
1764 1793 1959 1868 Hungariae,

1165 1885 1348 1960 Dalmatiae,
1371 1889 1524 1962 croatie,
1541 1889 1720 1964 Romaque
1738 1903 1812 1960 rex,
1827 1888 1863 1951 in
1877 1903 1961 1964 per-

1165 1982 1310 2058 potuum.

1205 2080 1294 2140 Inter
1317 2080 1411 2141 varia
1435 2078 1670 2142 sollicitudinis
1684 2079 1839 2142 humanae
1854 2096 1959 2142 exer-

1165 2174 1255 2243 citia,
1282 2191 1323 2236 ea
1349 2176 1444 2238 uobis
1469 2176 1666 2252 praevalere,
1693 2178 1727 2238 et
1750 2177 1792 2238 ad
1817 2178 1960 2240 salutem

1165 2271 1351 2334 animarum
1377 2273 1538 2349 proficere
1559 2289 1743 2352 speramus
1767 2291 1868 2351 quum
1888 2277 1961 2337 vis-

1165 2385 1243 2431 cera
1274 2370 1409 2447 pietatis
1434 2371 1468 2432 et
1492 2371 1733 2432 misericordia
1758 2371 1960 2436 Christianae

1164 2466 1320 2542 religioni
1334 2468 1514 2530 elementer
1523 2469 1723 2544 aperientes,
1735 2469 1770 2529 et
1780 2469 1959 2544 religiosas

1163 2578 1335 2640 personas,
1351 2565 1384 2626 et
1398 2565 1557 2626 ecclesias
1575 2565 1635 2627 Dei
1654 2566 1690 2626 in
1708 2581 1769 2626 suo
1780 2567 1858 2642 J'ure
1876 2583 1961 2628 cou-

1163 2662 1346 2732 servantes
1355 2661 1396 2722 ad
1405 2661 1957 2737 ampliandamfidemcatholicam,

1163 2773 1258 2835 opem
1271 2760 1304 2820 et
1313 2761 1581 2834 operamnostrae
1595 2760 1780 2835 majestatis
1794 2759 1828 2822 et
1840 2759 1959 2823 iudus-

1163 2855 1236 2916 triae
1262 2855 1297 2915 in
1321 2854 1483 2916 honorum
1509 2871 1644 2916 suorum
1672 2855 1887 2931 protectione,
1918 2873 1958 2924 ae

1163 2951 1357 3013 defensioue
1384 2952 1550 3014 ferventer
1577 2951 1810 3028 impendimus.
1838 2953 1958 3015 Atten-

1163 3046 1278 3109 dentes
1308 3049 1412 3123 igitur
1446 3047 1639 3122 religiosam
1678 3049 1888 3111 devotionem
1922 3054 1958 3113 et

1163 3143 1316 3206 assiduos
1340 3143 1483 3213 labores,
1498 3142 1627 3206 militiae
1649 3139 1776 3225 Templi
1797 3147 1958 3209 Hieroso-

1162 3240 1324 3319 lymitani,
1340 3257 1422 3317 quos
1436 3240 1645 3304 incessanter
1655 3242 1828 3319 perferunt
1839 3248 1956 3306 contra

1162 3338 1316 3399 inimicos
1340 3336 1449 3399 crucis
1478 3338 1611 3410 Christi,
1640 3341 1675 3402 et
1704 3355 1762 3400 eos
1790 3341 1826 3401 iu
1856 3342 1957 3405 corde
1995 3330 1998 3333 ⁴

1163 3437 1275 3496 nostro
1291 3433 1503 3495 laudabiliter
1523 3434 1802 3509 commendantes,
1820 3437 1956 3513 dignum

1162 3530 1318 3593 duximus
1337 3532 1370 3592 et
1387 3530 1555 3603 idoneum,
1574 3532 1788 3608 petitionibus
1806 3535 1956 3610 ipsorum

1162 3628 1294 3689 facilem
1308 3627 1457 3705 praebere
1476 3644 1658 3702 assensum,
1675 3630 1713 3691 ut
1733 3646 1790 3691 eos
1812 3630 1847 3690 in
1869 3630 1956 3691 bono

1163 3724 1349 3785 devotionis
1372 3740 1442 3786 suae
1467 3724 1647 3802 proposito,
1661 3726 1770 3801 gratia
1785 3725 1818 3785 et
1832 3723 1956 3791 virtute

1162 3820 1285 3896 regalis
1299 3822 1517 3893 excellentiae,
1533 3821 1724 3897 specialiter
1743 3820 1905 3892 fovemus,
1922 3823 1957 3883 et

1162 3917 1211 3977 sic
1226 3915 1336 3977 felicia
1356 3916 1442 3978 facta
1462 3931 1643 3986 servamus,
1670 3917 1703 3976 et
1726 3915 1848 3975 statuta
1871 3932 1956 3977 eon-

1162 4015 1324 4077 firmando
1350 4014 1476 4075 illibata
1505 4012 1718 4075 custodimus.
1745 4014 1957 4087 Quapropter

1160 4114 1339 4189 cognoscat
1354 4114 1422 4173 mm
1437 4124 1585 4189 praesens
1602 4109 1805 4171 universitas
1825 4110 1955 4182 nostra,

1161 4226 1259 4287 quam
1276 4210 1398 4282 futura,
1418 4205 1503 4287 quod
1517 4224 1579 4269 nos
1593 4223 1654 4285 pro
1668 4206 1814 4269 remedio
1832 4207 1954 4268 animae

1160 4310 1283 4370 nosuae
1297 4314 1331 4369 et
1345 4320 1575 4366 successorum
1586 4304 1775 4363 nostrorum
1785 4303 1826 4364 ad
1838 4320 1954 4380 preces

1161 4404 1311 4480 magistri
1322 4404 1420 4474 Cone,
1435 4416 1474 4460 ac
1486 4399 1600 4460 fratris
1615 4400 1808 4471 Franconis,
1824 4400 1857 4462 et
1869 4401 1956 4461 alio-

1160 4518 1234 4563 rum
1249 4500 1389 4560 fratrum
1401 4512 1505 4558 sacrae
1518 4494 1646 4557 militia
1658 4496 1796 4573 Templi,
1812 4496 1847 4557 iu
1859 4500 1955 4559 Hun-

1160 4599 1269 4673 garia,
1291 4610 1407 4656 omnes
1433 4594 1661 4669 possessiones
1685 4595 1721 4655 et
1739 4595 1850 4655 omnia
1865 4595 1955 4655 bona

1159 4692 1295 4756 mobilia
1317 4692 1349 4754 et
1371 4690 1554 4753 immobilia
1567 4690 1694 4768 Templi
1712 4690 1956 4768 Hierosolymi-

1159 4792 1241 4863 tuni,
1258 4806 1331 4868 quae
1345 4791 1382 4853 in
1397 4789 1554 4851 universo
1566 4802 1670 4863 reguo
1682 4790 1797 4851 nostro
1814 4790 1905 4865 juste
1919 4789 1956 4851 in

1159 4888 1414 4966 praesentiarum
1440 4886 1622 4963 possident,
1650 4886 1684 4947 et
1708 4885 1743 4946 in
1771 4892 1954 4962 posterum,

309 4982 438 5043 dilectis
464 4981 543 5043 liliis
567 4981 729 5057 magistro
743 4985 776 5045 et
794 4983 953 5047 fratribus
975 4985 1104 5049 militiae
1157 4987 1337 5063 praestante
1351 4985 1502 5067 Domino,
1518 4983 1608 5061 Juste
1622 4984 1778 5058 poterunt
1796 4982 1952 5059 adipisci,

309 5078 437 5155 Templi
448 5078 484 5141 in
495 5095 597 5154 regno
611 5081 791 5154 Hungariee
806 5081 1006 5153 constitutis,
1018 5082 1106 5145 salu·

309 5178 376 5238 tem
392 5178 425 5238 et
438 5177 661 5253 Apostolloam
676 5176 951 5238 benedictionem.

348 5273 452 5336 Justis
484 5274 664 5348 petentium
691 5272 868 5334 desideriis
890 5273 1026 5348 dignum
1055 5277 1106 5339 est

309 5385 370 5432 nos
394 5369 526 5431 facilem
548 5370 697 5447 praebere
721 5385 935 5442 consensum,
960 5373 993 5432 et
1015 5378 1103 5447 vota,

309 5482 383 5545 quae
407 5481 427 5528 a
451 5468 624 5543 religionis
651 5468 783 5529 tramite
809 5482 875 5529 non
901 5468 1103 5544 discordant,

308 5565 431 5627 affectu
455 5567 675 5643 prosequente
700 5564 878 5640 complere.
910 5567 1103 5642 eapropter,

1159 5099 1227 5145 una
1254 5098 1329 5143 oum
1357 5079 1509 5160 personis
1537 5082 1571 5141 et
1596 5078 1736 5140 subditis
1761 5094 1893 5152 eorum,
1916 5080 1955 5141 iu

1158 5196 1262 5257 regno
1286 5184 1400 5241 nostro
1423 5176 1661 5248 habitantibus,
1684 5178 1718 5238 et
1740 5176 1953 5253 legationem,

1160 5281 1258 5355 atque
1269 5277 1401 5353 negotia
1410 5276 1537 5352 Templi
1548 5272 1697 5351 praedicti
1708 5273 1953 5347 exercentibus,

1160 5376 1194 5437 in
1218 5376 1456 5451 protectionem
1480 5374 1581 5449 regiae
1606 5370 1809 5432 defensionis
1830 5373 1955 5433 nostrae

1160 5472 1370 5548 suscipimus,
1378 5475 1414 5533 ut
1422 5470 1482 5531 sub
1491 5467 1631 5532 tuitione
1639 5468 1822 5543 majestatis
1830 5469 1955 5531 nostrae

1160 5568 1336 5645 gaudeant,
1361 5572 1397 5630 ut
1417 5566 1664 5646 prosperentur,
1691 5565 1727 5625 ut
1746 5580 1808 5626 neo
1829 5564 1953 5637 domm,
