4217 6400
917 297 1092 364 uonoau
1114 300 1158 358 ur
1179 299 1326 395 orsas.
1903 300 1945 360 co

679 467 707 552 G

380 621 431 679 Ad
454 621 648 692 episcopum
671 617 960 690 Vesprtmtcasern
981 617 1014 675 et

488 715 714 788 prepositum
736 716 924 774 Atberrsem.

553 847 586 902 ΙΙ
606 842 740 900 februarii
760 844 839 902 tito.

411 970 498 1033 [liciter¹
513 968 573 1020 Cod.
593 967 656 1030 dipl.
671 967 815 1030 Hungariae,
830 967 873 1024 ΙΙΙ,
889 981 917 1026 ιι,
931 966 982 1030 lb]

301 1093 444 1152 andream
467 1107 565 1164 rogem
589 1093 742 1164 lluugariae
760 1107 810 1163 per
830 1091 995 1163 episcopum
1009 1095 1096 1146 etiam

336 1183 594 1254 vesprimiensem,
612 1196 646 1236 ac
663 1181 845 1252 prepositum
870 1179 1025 1236 Albeuscm
1044 1193 1094 1235 co-

337 1285 399 1328 ram
415 1269 637 1341 archiepiscopis
650 1273 679 1324 et
693 1269 835 1340 episcopis
848 1269 956 1325 moueri
970 1265 1061 1339 iubet.

335 1393 1095 1470 Honoriusetc„episcopoVesprimiensi,etc.,

302 1493 480 1572 praeposito
506 1490 657 1563 Albensi,
681 1490 938 1566 vesprimiensis
970 1490 1096 1550 dioece-

304 1592 361 1656 sis,
377 1590 439 1651 etc.

345 1687 437 1748 Sicut
451 1686 625 1747 carissimo
645 1686 679 1746 in
701 1685 831 1746 Christo
854 1685 923 1745 lilio
943 1686 1096 1746 nostro...

303 1785 428 1847 illustri
443 1785 517 1858 regi
534 1783 726 1858 Hungariaa,
739 1786 809 1858 jam
825 1782 993 1843 multoties
1008 1781 1100 1841 litte-

304 1884 351 1943 ris
376 1881 497 1943 nostris
522 1881 711 1940 insinuasse
734 1879 922 1951 recolimus
940 1878 1099 1954 inspectis

303 1974 1100 2057 privilegiisejus,liquidocontinentibus,ipsum

304 2079 428 2138 terram
446 2079 540 2135 Bone
557 2074 607 2151 (ut
629 2089 742 2150 supra,
760 2089 867 2147 resque
882 2088 1097 2150 nequeamus,

303 2177 418 2235 verbis
429 2172 663 2246 competenter
677 2169 849 2247 mactatis).
862 2169 1023 2240 Quocirca
1036 2169 1101 2228 dis·

304 2269 446 2332 cretioni
461 2269 581 2329 vestrae
596 2283 655 2343 per
669 2267 857 2343 apostolica
869 2267 990 2343 scripta
1005 2280 1101 2326 man-

304 2367 433 2434 damus,
450 2367 628 2442 quatenus,
647 2380 759 2440 regem
775 2364 896 2440 ipsum,
913 2362 1102 2438 archiepis-

305 2465 397 2540 copis
412 2465 446 2524 et
459 2462 623 2538 episcopis
639 2461 744 2536 ipsius
758 2461 855 2536 regni
869 2457 1098 2536 praesentibus

305 2562 346 2622 ad
362 2577 413 2632 ea,
438 2577 510 2638 quae
526 2558 764 2636 praemisimuS,
782 2557 932 2618 iacienda
953 2571 1099 2624 monere,

306 2657 487 2736 prudenter
502 2659 534 2719 et
555 2656 734 2717 efficaciter
748 2655 906 2716 inducere
922 2653 1099 2729 studeatis3

307 2756 391 2834 quod
408 2756 485 2815 inde
501 2754 659 2824 feceritis
679 2769 718 2813 ac
731 2753 983 2828 responsionem
995 2751 1101 2828 ipsius

306 2853 402 2914 nobis
424 2852 621 2929 quantocius
644 2851 786 2912 fideliter
806 2848 1013 2925 rescripturi.
1035 2851 1103 2909 Da-

307 2951 377 3012 tum
396 2950 433 3012 ut
452 2964 564 3026 supra.

681 3187 729 3273 dt

353 3344 405 3402 Ad
429 3338 645 3409 l'otcntlrum,
669 3340 829 3413 reptilem
849 3338 1053 3413 Hrtnpcrtae.

564 3480 596 3535 ll
617 3476 751 3535 februarii
771 3476 850 3534 tato.

457 3602 547 3667 [retes
557 3600 617 3650 Cod.
631 3600 694 3665 dipl.
705 3600 800 3663 liung„
813 3600 856 3659 ΙΙΙ,
868 3614 896 3658 ιι,
908 3598 959 3665 ld]

408 3727 550 3785 Honorius
565 3723 593 3781 id
604 3725 696 3798 ipsum
708 3738 758 3797 per
773 3724 904 3798 reginum
917 3725 1002 3782 ctiam

546 3812 716 3871 lotantbam
733 3814 874 3869 sollicitat.

351 3938 530 4008 Honorius,
548 3936 623 4007 etc„
640 3936 764 4010 regina
778 3937 968 4011 Hungariac‚
982 3938 1044 3998 etc.

353 4034 543 4111 sperantes,
561 4030 647 4107 quod
663 4044 778 4105 preces
793 4030 924 4091 nostras
940 4031 1023 4091 velis
1039 4030 1108 4091 elli·

313 4134 436 4196 caciter
463 4128 634 4197 esarrdire,
663 4126 847 4203 praesertim
874 4128 910 4187 in
938 4127 1002 4199 bis,
1033 4144 1107 4205 quae

313 4228 523 4291 manifestam
539 4225 710 4287 continent
724 4222 890 4300 pietatem,
912 4227 945 4286 et
959 4225 999 4287 ad
1015 4226 1108 4286 salu-

316 4330 378 4391 tem
390 4324 554 4387 carissimi
568 4324 602 4382 in
616 4322 746 4383 Christo
760 4322 819 4382 ttttt
835 4324 941 4385 nostri
952 4324 1105 4397 Andreae,

315 4424 457 4487 illustris
478 4420 567 4495 regis
592 4420 784 4495 ilungariae‚
801 4421 866 4480 viri
881 4421 941 4494 tui,
957 4422 989 4485 et
1003 4426 1105 4495 tuam,

315 4520 458 4583 nonest
485 4515 640 4591 dubium,
679 4518 866 4591 pertinere;
895 4520 1108 4581 serenitatem

316 4621 406 4681 tuam
422 4617 547 4678 attente
563 4613 744 4689 rogandam
761 4612 916 4673 duximus
938 4615 971 4677 et
989 4616 1107 4677 borta-

315 4710 1109 4791 mur,quatenusdiligenteretesilcaciteripsum

315 4829 428 4889 regem
444 4810 593 4881 inducar,
612 4809 647 4869 ut
656 4809 754 4882 justa
770 4824 884 4883 preces
900 4809 932 4869 et
946 4809 1108 4871 exlrorta-

317 4912 425 4973 tiones
440 4908 571 4969 nostras
584 4904 714 4965 dilectis
724 4904 813 4976 filiis,
825 4904 982 4967 iratribus
993 4907 1110 4969 domus

319 5008 449 5068 Sanctae
485 5003 602 5065 Mariae
636 5002 916 5063 Tbeutonicorum
956 5006 1112 5066 restituat

317 5106 424 5167 terras
449 5108 482 5163 et
501 5101 568 5161 alia
592 5099 760 5171 universa,
778 5115 850 5175 quae
867 5100 1042 5177 peripsum
1056 5118 1112 5162 re-

318 5216 403 5278 gem,
422 5196 475 5259 rel
492 5196 632 5257 nuncios
648 5196 721 5270 eJus
746 5196 824 5255 sunt
841 5195 965 5257 eisdem
983 5196 1109 5271 abiatar

319 5300 352 5360 et
369 5294 577 5357 satisfaciens
602 5293 665 5363 eie,
685 5293 718 5353 et
738 5290 894 5352 satisfieri
918 5292 1044 5353 iaciens
1072 5296 1112 5355 de

320 5393 450 5459 damnis
461 5392 494 5453 et
503 5390 637 5466 injuriis
649 5389 816 5463 irrogatis
829 5388 876 5449 ita
888 5388 977 5464 ipsos
987 5391 1111 5463 divine,

322 5494 354 5554 et
369 5490 481 5551 nostro
500 5486 622 5548 intuitu
642 5485 762 5557 foveat,
781 5486 933 5561 protegat
947 5487 979 5548 et
994 5487 1112 5548 deien-

322 5590 388 5662 dat,
404 5586 489 5665 quod
505 5584 652 5646 diuinam
665 5598 708 5643 ex
720 5581 783 5642 lroc
797 5584 966 5643 mereatur
980 5584 1113 5660 specia-

1148 457 1224 519 liter
1238 457 1399 534 gratiam3
1423 457 1457 518 et
1474 471 1546 527 nos,
1566 456 1683 533 quiad
1703 455 1857 518 ultimum
1874 471 1945 518 non

1149 554 1330 630 poterimus
1357 553 1453 614 dictis
1485 552 1644 614 iratribus
1667 553 1704 613 iu
1736 568 1799 614 sua
1826 553 1945 615 deesse

1145 651 1299 725 justitia,
1334 650 1433 712 aliter
1463 651 1643 726 procedere
1674 665 1742 710 non
1771 665 1943 724 cogamur.

1149 748 1274 808 Taliter
1304 750 1415 809 autem
1448 748 1609 808 exaudias
1640 763 1756 823 preces
1789 748 1942 819 nostras,

1151 846 1236 920 quod
1256 848 1386 920 gratum
1406 845 1530 906 habere
1544 845 1721 921 possimus,
1736 845 1769 906 at
1781 844 1823 904 ad
1838 859 1948 904 exau-

1151 942 1289 1003 diendas
1310 947 1402 1015 tuas,
1426 959 1503 1004 cum
1531 943 1736 1017 oportuerit,
1765 941 1947 1002 reddamur

1150 1041 1270 1103 merito
1278 1042 1463 1117 proniores.
1474 1043 1593 1102 Datum
1606 1039 1773 1110 Laterani,
1786 1041 1863 1100 Xlll
1875 1038 1944 1100 kal.

1152 1139 1275 1209 martii,
1289 1154 1377 1201 anno
1396 1139 1535 1200 decimo.

1513 1369 1584 1456 ctl

1263 1524 1316 1582 Art
1334 1521 1488 1582 abbatem
1502 1520 1773 1592 concentumque
1793 1520 1833 1582 dc

1417 1620 1678 1691 orrrzsemetmr.

1411 1747 1447 1805 20
1460 1746 1594 1804 februarii
1609 1748 1689 1805 tate.

1278 1871 1381 1935 [Regist.
1395 1871 1427 1920 de
1441 1871 1696 1935 Duniermelyn,168,
1710 1885 1736 1920 ιι.
1749 1868 1817 1933 259]

1155 1996 1204 2052 Eis
1217 1995 1326 2052 iubibct
1343 1997 1457 2070 nequis
1475 1997 1627 2070 episcopus
1643 2003 1691 2054 aut
1710 1994 1840 2052 officialis
1859 1993 1949 2065 ipsius

1190 2099 1239 2140 eos
1252 2085 1297 2140 vel
1319 2100 1417 2141 corum
1438 2085 1574 2142 ecclesias
1596 2098 1680 2155 super
1702 2081 1949 2156 procurationibus

1190 2173 1262 2228 ultra
1283 2179 1409 2228 taxatum
1422 2173 1451 2228 iu
1466 2173 1651 2228 Lateranensi
1665 2172 1791 2230 Concilio
1809 2184 1945 2242 persona·

1189 2275 1252 2317 rum
1268 2267 1297 2316 et
1311 2261 1489 2316 evectionum
1502 2275 1652 2316 numerum
1669 2274 1841 2332 aggravare.

1195 2384 1362 2445 Honorius
1377 2385 1563 2461 opiscopus,
1577 2387 1639 2446 etc.

1196 2485 1276 2542 Cum
1285 2497 1326 2542 ex
1334 2481 1490 2544 indebitis
1498 2482 1747 2557 gravaminibus
1756 2482 1951 2558 plerumque

1156 2581 1403 2654 contingentia
1425 2579 1635 2654 regularibus
1655 2581 1779 2641 sanctae
1801 2583 1952 2640 contem·-

1157 2677 1314 2754 plationis
1332 2678 1436 2737 otium
1450 2676 1654 2752 perturbari;
1671 2691 1731 2736 nos
1744 2674 1848 2752 quieti
1868 2689 1950 2736 res-

1156 2776 1218 2836 trae
1244 2774 1420 2851 pror-idere
1445 2775 1605 2845 solentes,
1634 2774 1832 2834 auctoritate
1862 2788 1952 2849 prae·

1158 2871 1301 2934 sentium
1340 2871 1526 2932 districtius
1560 2870 1765 2942 inhibemus,
1801 2885 1843 2930 ue
1876 2869 1952 2946 quis

1158 2971 1332 3044 episcopus
1367 2970 1425 3028 aut
1458 2967 1614 3028 officialis
1647 2967 1758 3042 'ipsius
1793 2981 1863 3036 vos,
1897 2965 1952 3026 vel

1158 3064 1318 3126 ecclesias
1336 3065 1476 3135 vestras,
1494 3062 1616 3125 audeat
1627 3080 1728 3139 super
1741 3063 1954 3140 procuratio-

1159 3161 1256 3223 nibus
1280 3160 1366 3223 ultra
1388 3161 1539 3223 taxatum
1558 3161 1595 3222 in
1618 3161 1834 3224 Lateranensi
1859 3162 1951 3221 Con·

1159 3261 1236 3321 cilio
1251 3275 1470 3337 personarum
1489 3260 1523 3322 et
1543 3261 1753 3322 evectionum
1776 3273 1952 3342 numerum

1159 3374 1354 3435 aggravare.
1362 3358 1454 3419 Nulli
1460 3374 1552 3433 erge,
1560 3360 1621 3420 etc.
1632 3358 1874 3434 Siquisautem,
1887 3353 1951 3416 etc.

1159 3458 1277 3518 Datum
1290 3456 1458 3527 Laterani,
1474 3458 1505 3515 X
1521 3454 1681 3515 kalendas
1700 3453 1824 3525 martii,
1841 3451 1953 3529 ponti-

1160 3554 1277 3615 ficatus
1292 3554 1398 3615 nostri
1412 3568 1500 3613 anno
1513 3552 1652 3613 decimo.

1181 3955 1233 4013 Ad
1245 3954 1401 4025 priorem
1419 3954 1454 4012 S.
1476 3952 1658 4011 Trinitatis
1672 3951 1932 4011 londonienses.

1412 4081 1448 4138 20
1466 4078 1599 4138 februarii
1619 4080 1698 4138 tito.

1358 4206 1470 4270 [llymen
1487 4205 1600 4263 Foedera,
1618 4206 1669 4264 l,1,
1687 4204 1753 4267 toa]

1163 4323 1196 4379 lli
1211 4319 1339 4393 indulget
1348 4328 1379 4377 ut
1393 4321 1550 4377 terminatis
1559 4320 1655 4376 causis
1664 4318 1700 4375 ab
1709 4317 1873 4391 apostolica
1882 4316 1956 4375 Sede

1198 4412 1252 4483 ipsi
1261 4410 1422 4467 commissis
1437 4424 1488 4480 per
1499 4408 1716 4465 commissiones
1730 4405 1868 4479 ejusdem,
1885 4422 1956 4479 quas

1197 4498 1233 4555 dc
1248 4505 1351 4554 cataro
1366 4496 1508 4568 adipsum
1524 4496 1669 4568 impetrari
1684 4496 1847 4571 contigerit,
1862 4497 1953 4554 uulla-

1197 4593 1281 4643 tenus
1294 4592 1424 4642 teneatur
1438 4583 1601 4657 procedere.

1203 4710 1955 4787 Honoriusepiscopusserrusserrorumilei,

1164 4810 1285 4873 dilecto
1301 4809 1368 4870 tilio
1382 4808 1486 4885 priori
1502 4810 1632 4869 Sanctae
1645 4810 1816 4871 Trinitatis
1830 4807 1959 4871 Londo-

1164 4907 1309 4976 niensis,
1333 4906 1474 4968 salutem
1500 4905 1533 4967 et
1557 4907 1781 4981 apostoticam
1800 4904 1959 4967 benedic·

1164 5007 1299 5068 tionem.

1205 5108 1232 5164 A
1246 5101 1341 5163 uobis
1356 5102 1527 5163 humiliter
1540 5102 1728 5179 postulasti,
1742 5103 1789 5172 ut,
1806 5116 1881 5162 cum
1891 5116 1958 5163 non

1166 5200 1290 5262 babeas
1299 5200 1385 5276 juris
1397 5199 1560 5276 peritiam,
1573 5200 1749 5279 etpropter
1755 5199 1959 5277 judiciorum

1168 5298 1341 5373 strepitum
1352 5297 1522 5371 contingat
1536 5298 1658 5358 sanctae
1672 5295 1959 5372 contemplationis

1168 5395 1203 5455 in
1216 5396 1248 5456 te
1265 5394 1368 5456 otium
1383 5393 1548 5469 impediri,
1559 5394 1707 5455 eximere
1722 5396 1754 5455 te
1772 5392 1961 5454 acommis-

1170 5493 1300 5553 sionum
1328 5493 1518 5553 nostrarum
1551 5489 1775 5551 sollicitudine
1803 5488 1961 5565 dignare-

1171 5606 1254 5650 mur.
1284 5591 1353 5650 Nos
1381 5605 1460 5665 ergo
1486 5588 1553 5651 tuis
1575 5586 1873 5664 supplicationibus
1897 5603 1961 5647 an-
