4217 6400
309 330 350 392 m
462 255 483 272 ⁸*
925 313 1102 378 HONORII
1122 311 1170 374 111
1189 308 1339 374 orbus.
1913 305 1957 367 28

309 487 542 551 inhibitionem
556 484 616 546 ant
630 479 878 544 concessionem
897 477 1045 538 nostram
1061 472 1105 535 ab
1158 470 1405 539 conflrmamus,
1416 467 1452 528 et
1460 464 1635 542 praesentis
1642 463 1759 541 scripti
1768 463 1956 541 patrocinio

311 585 478 663 aliquibus
502 582 648 644 indebite
671 577 851 640 molestari.
878 575 912 635 si
927 574 1001 650 quis
1022 587 1104 633 vero
1159 567 1411 630 communimus.
1434 567 1542 626 'senor
1564 563 1677 625 autem
1694 563 1846 659 ipsarum
1863 561 1959 623 litte-

311 687 427 746 coutra
442 680 673 743 inhibitionem
686 677 833 737 nostram
847 674 883 732 iu
899 670 1105 732 nominatam
1158 681 1273 728 rarum
1288 668 1340 724 est
1353 663 1431 724 talis
1448 684 1456 721 z

309 781 470 856 reginam,
487 778 540 839 vel
551 778 676 838 terram
691 777 763 849 ejus
778 767 1102 832 excommunicatio·
1198 762 1361 824 Noverint
1375 759 1528 820 universi
1549 757 1637 835 quod
1665 773 1726 818 nce
1740 755 1844 818 trater
1865 760 1959 817 Gua-

311 876 428 938 nisrel
439 872 606 936 interdicti
618 870 802 934 sententias
817 869 892 944 post
905 864 1105 941 appellatio-
1159 862 1255 922 rinus
1265 860 1306 920 de
1321 859 1542 928 Mouteacuto,
1562 855 1622 916 Dei
1636 856 1746 930 gratia
1757 856 1959 917 sanctado-

312 991 387 1036 nem
396 973 440 1034 ad
453 987 514 1033 nos
530 965 914 1045 legitimeinterpositam
924 977 1106 1039 praesump-
1159 974 1232 1018 mus
1262 957 1445 1033 Hospitalis
1472 954 1769 1029 Hierosolymitani
1795 953 1958 1028 magister

314 1072 395 1133 serit
430 1067 653 1146 promulgare,
685 1080 745 1126 vos
778 1079 836 1124 eas
870 1060 1105 1122 denuntiantes
1160 1055 1334 1115 humiliset
1345 1067 1527 1129 pauperum
1537 1051 1661 1111 Christi
1676 1051 1799 1122 custos,
1814 1050 1855 1110 ad
1875 1051 1958 1126 peti·

311 1169 443 1246 peoitus
454 1166 565 1226 nullas
581 1157 666 1234 ess‘e,
677 1162 821 1224 audiatis
835 1160 864 1220 si
875 1159 1104 1235 quidreman·
1159 1153 1284 1214 tionem
1314 1151 1531 1211 nobilissimae
1553 1149 1696 1210 dominae
1723 1149 1757 1208 et
1789 1149 1956 1224 quondam

314 1265 397 1328 serit
424 1262 627 1342 quaestionis,
658 1263 692 1322 et
713 1258 955 1336 ‘appellatione
989 1269 1104 1315 remo·
1160 1252 1364 1310 Francorum
1378 1248 1515 1324 regium,
1530 1245 1801 1321 uxorisPhilippi
1812 1245 1956 1308 illustris

259 1409 260 1414 η
312 1363 357 1434 ta,
374 1362 449 1432 etc,
465 1375 572 1433 usque
597 1358 779 1420 observari.
793 1355 919 1422 Testes,
934 1353 996 1415 etc.
1012 1351 1105 1424 Quod
1160 1346 1311 1409 Franciae
1323 1345 1424 1420 regis,
1436 1345 1478 1404 de
1494 1344 1658 1406 communi
1669 1359 1810 1404 assensu
1822 1344 1856 1405 et
1870 1359 1957 1405 oon-

314 1459 344 1522 si
356 1473 424 1520 nou
438 1471 563 1528 omnes,
577 1457 638 1518 etc.
656 1455 775 1516 Datum
789 1453 825 1516 ut
836 1449 1011 1521 iniraccl.
1025 1451 1077 1510 29.
1160 1445 1237 1506 silio
1253 1443 1393 1504 fratrum
1423 1443 1612 1504 nostrorum
1638 1441 1672 1501 et
1689 1441 1829 1518 capituli
1848 1441 1959 1502 nostri

1159 1540 1338 1618 generalis,
1364 1540 1589 1600 concessimus
1613 1538 1723 1600 eidem
1752 1538 1789 1598 iu
1811 1538 1959 1600 ecclesia

1160 1639 1274 1702 nostra
1286 1637 1327 1700 de
1338 1636 1492 1698 Gorbolio
1505 1637 1664 1699 tredecim
1678 1635 1797 1696 iratres
1812 1635 1956 1712 presby-

648 1729 770 1815 XGVI
1161 1737 1263 1808 ieros,
1279 1735 1462 1796 secundum
1474 1733 1626 1796 ordinem
1640 1732 1956 1796 etcousuetudinem

343 1885 396 1945 Aa
409 1884 650 1958 mmmm,
668 1879 840 1954 quondum
854 1879 1073 1936 Francorum
1161 1834 1345 1910 Hospitalis
1367 1832 1662 1908 Hierosolymitani
1682 1831 1806 1892 ibidem
1827 1832 1863 1892 iu
1878 1847 1958 1907 per-

621 1977 792 2050 remnam·
1161 1933 1552 2008 petuumpermansuros,
1570 1945 1629 2006 pro
1642 1930 1826 2005 animapiee
1840 1944 1957 1990 recor-

734 2103 750 2116 „
1161 2028 1305 2090 dationis
1325 2028 1473 2104 Philippi
1495 2027 1586 2103 regis
1606 2027 1757 2088 Franciae
1779 2026 1956 2088 memorati

570 2107 607 2164 ¹⁶
619 2103 752 2162 februm
768 2101 847 2162 ¹²2⁶·
1162 2127 1196 2186 et
1208 2125 1316 2201 ipsius
1330 2126 1469 2199 regina,
1495 2125 1527 2185 et
1550 2127 1801 2185 antecessorum
1823 2139 1864 2186 ac
1877 2139 1958 2184 suc·

341 2229 552 2296 lucuscanum.
567 2221 1075 2287 dernin.‚xix.77⁰;Rus⁰³²··lib·K.
1162 2236 1330 2284 cessurum
1352 2222 1512 2292 omnium,
1541 2221 1657 2282 divina
1675 2220 1836 2298 obsequia
1862 2221 1956 2282 cele-

630 2307 704 2371 ⁰P¹⁵i
718 2305 785 2372 205·]
1161 2318 1308 2381 brantes.
1325 2321 1372 2380 De
1395 2319 1515 2396 quibus
1538 2318 1699 2380 tredecim
1723 2321 1792 2381 tres
1813 2319 1957 2394 singuiis

311 2416 477 2476 Constitutis
499 2429 515 2471 a
534 2413 635 2486 regina
654 2411 809 2469 redditibus
829 2425 879 2483 pro
901 2408 1108 2467 sustentatione
1162 2415 1279 2478 diebus
1292 2417 1361 2478 tres
1373 2416 1493 2478 missas
1505 2415 1675 2478 celebrare
1692 2418 1958 2493 perpetuolenu.

346 2503 482 2563 tredecim
494 2502 723 2575 presbyterorum
735 2501 763 2557 in
774 2499 907 2571 hospitali
917 2496 1108 2556 corboliensis
1162 2514 1297 2586 huntur,
1312 2530 1332 2574 e
1346 2529 1487 2591 quorum
1501 2513 1661 2576 traducam
1676 2512 1725 2593 (1)
1740 2531 1839 2587 unus,
1857 2516 1886 2576 31
1900 2517 1957 2577 jn.

346 2591 452 2664 oppidi,
469 2591 524 2663 piis
538 2589 601 2663 ejus
617 2589 691 2647 votis
705 2603 836 2645 annuens
851 2587 993 2644 Honorius
1005 2600 1106 2658 perpe·
1162 2613 1282 2674 ventus
1296 2610 1398 2672 fuerit
1410 2611 1561 2683 idoneus,
1578 2611 1655 2672 aliis
1673 2613 1841 2688 tamquam
1864 2613 1958 2689 prior

346 2687 425 2739 ΜΠ]
441 2677 637 2738 sund⁸t¹⁰¹¹⁰m
653 2692 715 2750 ⁰¹⁰⁵
729 2675 889 2734 mmmm·
1163 2709 1298 2786 praeerit
1313 2709 1499 2783 universis;
1516 2709 1545 2769 si
1568 2710 1679 2770 autom
1694 2710 1816 2787 aliquis
1830 2710 1958 2772 exiliis

351 2805 519 2867 Honorius
560 2804 735 2880 episcopus
739 2845 799 2863 .....
846 2801 1031 2863 carissimae
1072 2801 1107 2862 in
1163 2806 1956 2879 tredecimnoninveniaturidoneus,secundum

313 2903 444 2966 Christo
473 2902 552 2963 tiliae
570 2898 776 2980 ilngeburgi)
793 2899 958 2976 quondam
983 2899 1108 2973 reginae
1163 2904 1258 2966 etad
1283 2904 1535 2980 dispositionem
1564 2905 1686 2980 prioris
1709 2902 1871 2976 Francia'e,
1889 2922 1956 2966 uno

313 3003 518 3071 Francorum
531 2998 664 3068 illustri,
677 2997 803 3057 reliuiae
815 2994 1110 3072 inclytaerecorda-
1164 3001 1204 3060 de
1216 3000 1285 3060 illis
1304 3000 1463 3061 tredecim
1486 3003 1607 3073 amoto,
1634 3001 1758 3061 ibidem
1773 3004 1958 3079 apponetur

311 3097 414 3158 tionis
431 3095 577 3171 Philippi
590 3093 679 3167 regis
693 3092 854 3162 Francius,
872 3092 1024 3162 salutern,
1045 3090 1107 3151 etc.
1164 3097 1251 3157 alius
1266 3097 1357 3172 prior
1369 3097 1519 3168 idoneus,
1546 3097 1717 3159 subiciens
1731 3098 1764 3160 et
1782 3100 1956 3170 honestus,

354 3193 444 3256 Solet
456 3206 605 3253 annuere
621 3189 724 3251 Sedes
736 3186 927 3265 Apostolica
942 3187 1008 3264 piis
1022 3186 1109 3249 votis
1164 3193 1221 3271 qui
1235 3209 1351 3254 curam
1363 3194 1512 3271 ejusdem
1535 3195 1651 3257 domus
1675 3195 1712 3257 in
1727 3196 1959 3273 spiritualibus

312 3293 346 3353 et
358 3290 509 3351 honestis
524 3288 706 3365 petentium
721 3285 875 3363 precibus
891 3285 1038 3346 favorem
1051 3284 1111 3345 be·
1164 3307 1204 3351 ac
1212 3292 1448 3369 temporalibus
1456 3293 1737 3372 semperhabebit,
1746 3296 1773 3353 si
1780 3295 1844 3371 ipsi
1853 3295 1959 3370 priori

312 3387 468 3451 nerolum
487 3384 662 3463 impertiri.
686 3387 736 3445 Ex
755 3383 849 3460 parte
869 3382 1033 3460 siquidem
1052 3383 1109 3444 tua
1165 3390 1318 3451 Franciae
1333 3391 1367 3453 et
1394 3392 1540 3468 capitulo
1555 3390 1705 3467 generali
1720 3389 1761 3449 ad
1788 3390 1851 3450 hoc
1863 3391 1963 3451 susti-

313 3484 376 3549 iuit
399 3484 494 3547 nobis
519 3482 690 3545 humiliter
715 3480 938 3558 supplicatum
961 3481 1008 3553 ut,
1034 3496 1110 3541 uum
1165 3488 1256 3548 ciens
1270 3487 1433 3549 videatur.
1449 3486 1593 3547 Praelata
1603 3501 1683 3547 vero
1698 3486 1827 3560 regina,
1844 3500 1962 3549 amore

314 3582 445 3643 dilectis
459 3580 548 3641 iilius
563 3580 729 3641 Guarinus
743 3578 783 3639 de
798 3578 1020 3649 monteacuto,
1037 3592 1111 3639 ma·
1165 3586 1224 3646 Dei
1240 3587 1273 3645 et
1284 3585 1417 3645 nomine
1432 3583 1652 3659 eleemosyna
1667 3584 1847 3659 perpetuae,
1865 3585 1962 3645 cuili-

312 3680 416 3757 giutur
430 3676 615 3754 Hospitalis
635 3674 941 3752 Hierusolyuutuui,
964 3674 1004 3735 du
1019 3690 1111 3736 uum·
1165 3680 1385 3741 bettredecim
1400 3680 1540 3741 fratrum
1551 3680 1761 3741 sacerdotum
1781 3678 1822 3740 ad
1838 3696 1956 3742 eorum

312 3776 406 3839 muni
426 3775 565 3837 consilio
591 3775 624 3837 et
648 3789 789 3837 assensu
812 3772 952 3835 fratrum
974 3787 1111 3833 suorum
1165 3778 1439 3839 sustentationem
1467 3775 1640 3838 duodecim
1667 3776 1773 3837 libras
1807 3778 1959 3840 redditus

313 3876 347 3936 et
368 3872 506 3947 capituli
523 3870 701 3946 generalis,
722 3870 783 3931 tihi
798 3870 1001 3931 concesserit
1024 3869 1110 3945 quod
1165 3874 1268 3935 annui
1276 3876 1434 3950 perpetuo
1448 3872 1642 3947 assignavit.
1663 3874 1697 3934 Si
1708 3890 1788 3934 vero
1799 3891 1961 3950 processu

313 3970 350 4030 in
375 3967 519 4029 ecclesia
542 3964 731 4057 Hospitalis⁴
750 3980 866 4025 eorum
889 3964 931 4025 de
958 3965 1110 4026 corbolio
1165 3969 1960 4049 temporis(quodabsitl)contingeretqucdprae-

313 4064 472 4129 tredecim
493 4061 613 4125 iratres
631 4060 827 4139 presbyteri,
851 4061 1032 4123 secundum
1049 4078 1110 4122 or·
1165 4070 1253 4130 dicta
1273 4068 1389 4129 domus
1409 4068 1524 4131 nostra
1545 4068 1586 4129 de
1605 4068 1758 4131 corbolio
1774 4070 1958 4146 jamdicto-

313 4162 424 4225 dinem
434 4162 467 4223 et
477 4159 746 4225 constitutionem
756 4158 939 4236 Hospitalis
948 4159 1108 4236 ejusdem,
1165 4182 1239 4228 rum
1251 4165 1391 4227 fratrum
1407 4164 1677 4243 presbyterorum
1702 4181 1877 4227 numerum
1892 4183 1960 4227 non

312 4260 559 4337 inperpetuum
580 4274 640 4335 pro
659 4257 772 4319 anima
789 4256 1023 4333 dictiresiset
1040 4258 1109 4330 tua,
1164 4264 1309 4335 onem,
1335 4263 1403 4324 nisi
1426 4263 1515 4324 inira
1541 4264 1761 4339 quaaraginta
1779 4264 1850 4325 ores
1865 4263 1960 4324 illum

314 4358 563 4419 antecessorum
588 4357 622 4417 et
647 4369 880 4417 successorum
908 4355 1108 4426 vestrorum,
1164 4377 1341 4423 numerum
1352 4361 1471 4422 eadem
1490 4361 1608 4421 domus
1632 4361 1875 4438 complevisset,
1897 4362 1963 4423 do-

315 4454 425 4517 oitlcia
437 4454 552 4516 diviua
568 4451 746 4523 celebrent,
764 4466 803 4513 ac
822 4453 860 4513 tu
874 4452 980 4513 eidem
998 4452 1111 4514 domui
1165 4458 1963 4537 minoregiFranciaeetsuccessorihussuisregi-

313 4549 628 4629 praeostentatione
643 4548 805 4611 dictorum
818 4546 970 4621 fratrum,
982 4550 1112 4611 scilicet
1164 4558 1226 4618 bus
1241 4556 1359 4617 liceret
1372 4554 1522 4616 redditus
1540 4570 1657 4616 omnes
1673 4572 1755 4633 quos
1778 4560 1961 4618 memorata

314 4664 374 4725 pro
390 4646 538 4724 quolibet
552 4645 754 4717 eorumdem,
772 4660 921 4707 annuum
936 4644 1110 4707 duodecim
1164 4655 1293 4730 regina,
1320 4652 1361 4713 de
1381 4668 1547 4714 consensu
1571 4653 1730 4715 Ludovici
1755 4656 1961 4714 Francorum

313 4745 476 4807 librarum
497 4742 661 4807 redditum
686 4740 867 4805 contuleris
891 4741 1014 4803 intuitu
1038 4743 1112 4817 pie·
1164 4751 1265 4827 regis,
1281 4750 1391 4811 eidem
1404 4750 1518 4810 domui
1534 4750 1574 4811 ad
1591 4766 1688 4810 usum
1701 4750 1734 4812 et
1746 4750 1963 4812 sustentatio-

313 4842 402 4916 tutis,
416 4839 780 4915 concessionemipsam
791 4838 1111 4915 ΑΡΟΒῑθῙῙῦΟᾶῘΒΜ·
1164 4847 1961 4923 nemdictorumpresbyterorumcontulitsaisire

313 4954 426 5001 remur
440 4938 624 5002 munimine
643 4935 818 5012 roborare3
840 4951 901 4997 nos
914 4936 1029 5012 igitur,
1042 4935 1110 4997 tuis
1165 4946 1199 5006 ut
1224 4943 1407 5005 tumultuin
1427 4958 1530 5004 mauu
1557 4960 1620 5005 sua
1639 4946 1764 5016 tenere,
1788 4960 1963 5021 quousque

314 5036 442 5097 devotis
466 5036 620 5112 precibus
643 5034 775 5109 pratum
797 5032 1025 5110 impertientes
1053 5048 1112 5094 as·
1164 5040 1324 5120 praefatus
1350 5040 1619 5118 presbyterorum
1634 5058 1793 5104 numerus
1811 5042 1963 5119 comple.

314 5148 460 5205 ueusum,
482 5132 731 5195 concessionem
750 5130 933 5209 priuatum,
955 5130 1042 5193 Sicut
1055 5130 1111 5208 piu
1165 5142 1269 5202 retur.
1298 5138 1517 5200 concedimus
1538 5140 1639 5201 etiam
1654 5140 1852 5202 etvolumus
1874 5139 1962 5201 bona

314 5245 354 5291 ³⁰
375 5229 512 5307 FPOVidO
535 5229 623 5292 facta
647 5230 708 5302 esi,
735 5229 768 5291 θῐ
785 5228 821 5289 in
845 5228 966 5291 litteris
989 5228 1110 5289 exinde
1165 5238 1229 5299 ilde
1244 5236 1329 5314 quod
1345 5236 1461 5298 domus
1489 5238 1605 5299 nostra
1618 5238 1660 5299 de
1683 5239 1869 5314 Ligeriaco,
1884 5254 1962 5298 cum

314 5326 484 5400 coniectis,
516 5342 655 5404 quarum
683 5328 833 5390 tenorem
859 5325 899 5388 de
933 5324 1035 5387 uerbo
1068 5326 1110 5386 ud
1165 5332 1771 5397 omnibusbouisadeamdemdomum
1785 5334 1962 5411 pertinen-

217 5427 221 5436 “
312 5424 450 5487 verbum
468 5421 688 5501 praesentibus
705 5423 923 5501 praecepimus
942 5423 1108 5495 annotari,
1164 5432 1264 5505 tibus,
1291 5447 1390 5508 quam
1403 5432 1543 5494 dilectus
1562 5434 1676 5494 noster
1689 5432 1866 5494 Durandus
1878 5432 1963 5493 civis

312 5522 443 5600 plenius
472 5520 671 5590 continetur,
694 5521 886 5599 apostolica
909 5520 1110 5583 auctoritate
1166 5530 1401 5607 Lugdunensis
1415 5529 1457 5591 ad
1478 5530 1580 5592 uitam
1595 5545 1688 5592 suam
1707 5532 1837 5593 tantum
1858 5530 1960 5602 tenor,

348 5634 389 5711 (l)
406 5636 505 5708 suppl.
519 5648 652 5693 numero.
