4217 6400
136 275 179 339 33
763 261 994 338 mercum.
1017 275 1097 336 33.
1120 261 1161 336 x'.
1743 275 1785 340 as
1851 361 1852 364 Ν

138 431 362 511 appellatione
382 434 575 512 3331333113,
605 431 849 497 inviolabiliter
869 433 931 495 ob-

138 532 279 603 servari,
294 529 532 594 nullistitteris
547 529 691 604 33311311,
710 531 773 592 313.
794 531 887 604 Quod
902 529 932 592 si

138 642 206 688 non
219 643 344 700 33333,
359 630 423 690 313.
434 631 553 690 Datum
568 629 735 701 Laterani,
752 631 782 689 X
795 628 929 690 1331331.

135 725 236 800 junii,
253 741 342 788 anno
354 726 494 789 decimo.
592 747 597 754 ·

407 933 411 942 '
486 931 589 1019 CLII

309 1086 360 1145 Ad
373 1085 528 1146 abbatem
542 1086 583 1144 de
594 1086 759 1158 Beatam.
849 1144 853 1153 ,

437 1213 472 1270 tt
485 1213 553 1270 maii
565 1213 645 1271 1216.

335 1335 449 1400 [113333
467 1336 580 1395 Foedera,
597 1335 617 1395 l,
635 1349 654 1393 r,
668 1334 735 1400 tot]

138 1449 273 1524 Indulget
289 1466 326 1507 ne
348 1467 398 1524 per
417 1451 635 1509 commissiones
655 1449 736 1508 Sedis
748 1450 931 1524 Apostolicsc,

176 1539 300 1612 333313
318 1547 421 1598 caetero
443 1539 584 1613 3113333
605 1538 753 1612 impetrari
767 1537 931 1614 contigerit,

173 1627 330 1700 procedere
341 1635 481 1685 teneatur.

178 1751 930 1831 Η3333133331333333,333333333333331131,

139 1849 259 1911 dilecto
284 1850 353 1912 1113
377 1850 488 1922 abbati
507 1848 549 1910 13
570 1850 727 1924 Begham,
744 1847 933 1911 salutemet

137 1947 363 2024 Apostolicam
375 1947 652 2009 benedictionem.

178 2047 207 2107 A
220 2046 316 2105 noble
331 2043 503 2106 humiliter
515 2042 691 2122 postulasti
713 2044 759 2116 ut,
777 2060 851 2105 cum
865 2059 933 2104 non

138 2140 264 2204 habeas
281 2142 370 2218 juris
392 2143 545 2218 peritiam
580 2142 613 2203 et
648 2157 707 2218 per
729 2141 932 2218 judiciorum

139 2240 314 2315 strepitum
335 2238 506 2315 contingat
529 2239 652 2302 sanctae
672 2239 708 2299 in
726 2239 760 2300 te
781 2240 932 2300 contem-

138 2337 298 2413 plationis
332 2337 436 2398 otium
471 2336 641 2413 impediri,
677 2337 826 2398 eximere
851 2336 885 2397 te
912 2351 932 2395 a

139 2434 408 2494 commissionum
421 2436 612 2497 nostrarum
627 2433 850 2494 sollicitudine
865 2432 933 2508 dig-

137 2545 307 2592 naremur.
334 2532 403 2592 Nos
431 2547 512 2607 ergo
539 2531 611 2592 tuis
635 2529 933 2607 supplicationibus

138 2629 337 2699 annuentes,
352 2627 524 2692 devotioni
542 2628 609 2690 tuae
628 2627 825 2691 anctoritate
843 2641 933 2703 prae-

136 2725 283 2786 sentium
300 2723 524 2800 indulgemus,
541 2740 584 2785 ne
602 2739 662 2800 per
683 2723 933 2784 commissiones

136 2820 289 2891 3331333,
316 2835 398 2897 quas
423 2819 463 2880 de
491 2820 612 2880 caetero
639 2819 682 2879 ad
707 2818 741 2880 te
761 2819 934 2894 impetrari

137 2915 327 2993 contigerit,
346 2916 526 2992 procedere
539 2915 697 2988 tenearis,
714 2916 744 2976 si
761 2915 801 2976 13
815 2915 932 2976 indul·

137 3015 251 3090 gentia
266 3011 456 3089 hujusmodi
472 3029 539 3074 nun
558 3012 700 3077 fecerint
718 3012 931 3074 mentionem.

136 3110 231 3174 Nulli
252 3126 331 3193 ergo
353 3110 488 3173 333133
510 3109 681 3172 hominum
715 3109 815 3172 liceat
845 3109 933 3170 hanc

137 3209 294 3287 pagiuam
327 3209 450 3270 nostrae
482 3207 708 3269 concessionis
736 3206 930 3283 intringere,

136 3306 191 3369 331
213 3306 245 3367 31
266 3321 350 3367 3333
371 3304 550 3366 temerario
572 3305 750 3366 contraire.
788 3304 824 3365 Si
859 3305 932 3382 quis

137 3404 248 3465 33133
270 3402 334 3463 hoc
357 3401 521 3464 attentare
540 3401 800 3478 praesumpserit,
817 3400 931 3478 indig-

137 3500 307 3561 nationem
315 3498 616 3575 omnipotentisDei
625 3497 932 3561 etbeatorumPetri

137 3597 172 3658 et
183 3595 280 3657 Pauli
295 3597 520 3671 apostolorum
535 3598 608 3673 ejus
622 3611 658 3655 33
673 3594 805 3657 3333311
818 3594 933 3656 13333-

137 3708 264 3753 33333.
281 3695 398 3754 Datum
414 3692 582 3765 Laterani,
600 3694 645 3753 111
661 3691 821 3754 kalendas
830 3692 929 3769 junii,

136 3789 348 3866 pontificatus
361 3790 469 3853 nostri
483 3806 571 3852 anno
586 3789 725 3851 133133.

471 4019 595 4102 CLIII

236 4166 289 4227 Ad
309 4164 559 4226 3133331331331
580 4165 617 4225 tn
643 4165 834 4242 Welzburp.

391 4295 490 4353 Mense
509 4293 578 4353 3311
598 4294 677 4353 1221.

312 4415 509 4480 [113131133ιωὶ3
521 4414 645 4477 33311,
660 4428 688 4467 n.
700 4415 753 4479 aa]

136 4528 209 4589 illud
227 4531 432 4589 monasterium
452 4530 505 4589 sub
527 4544 578 4589 sua
600 4533 776 4605 protectione
800 4532 929 4606 suscipit.

175 4656 343 4717 Honorius
354 4656 538 4736 episcopus,
549 4673 665 4719 333333
676 4672 848 4721 33333333
858 4658 928 4735 Dei,

984 434 1144 511 tanquam
1165 432 1220 510 pia
1241 435 1350 496 mater
1371 449 1442 495 suae
1468 433 1683 510 protectionis
1704 447 1782 496 mu-

985 531 1112 592 nimine
1126 530 1313 592 conserere.
1326 531 1542 608 Quapropter,
1556 532 1669 596 dilecti
1679 533 1783 594 13113-

986 629 1077 690 mino
1113 628 1186 700 tilii,
1220 629 1340 690 3331313
1372 629 1473 705 justis
1505 630 1782 705 postulationibus

866 786 868 789 .
985 726 1150 797 inclinati,
1168 741 1327 802 personas
1342 730 1472 788 3331333
1488 727 1520 788 31
1535 727 1645 790 13333
1664 727 1700 788 13
1717 743 1782 803 quo

987 822 1100 883 divino
1120 823 1200 884 estis
1225 822 1383 899 obsequio
1409 825 1600 900 mancipati,
1615 840 1690 886 cum
1705 840 1781 888 33-

986 919 1084 980 nibus
1099 920 1207 988 honis,
1226 935 1299 997 quae
1315 920 1349 980 in
1365 921 1617 996 praesentiarum
1632 922 1784 1006 rationa-

985 1016 1099 1077 biliter
1111 1017 1299 1094 possidetis,
1313 1019 1370 1078 aut
1380 1018 1415 1077 in
1431 1017 1589 1090 1313333,
1604 1020 1782 1095 praestante

987 1115 1137 1186 Domine,
1150 1114 1252 1191 justis
1266 1114 1373 1175 modis
1389 1114 1540 1191 poteritis
1554 1114 1706 1191 adipisci,
1721 1116 1781 1177 suh

986 1209 1076 1272 beati
1086 1213 1175 1272 Petri
1186 1211 1218 1272 et
1229 1212 1341 1273 nostra
1352 1211 1557 1288 protectione
1567 1212 1780 1288 suscipimus.

988 1309 1186 1384 Specialiter
1200 1311 1309 1370 33133
1322 1309 1552 1385 333333313333
1567 1309 1599 1370 31
1613 1309 1682 1370 3113
1695 1309 1783 1371 1333

986 1406 1182 1468 3333313311
1202 1405 1317 1477 333131,
1337 1406 1493 1467 similiter
1518 1407 1551 1468 et
1568 1408 1657 1483 jura,
1678 1406 1782 1468 liber-

986 1501 1071 1563 tates
1092 1502 1125 1562 et
1144 1503 1371 1564 immunitates
1398 1502 1492 1564 vobis
1520 1503 1553 1565 31
1578 1504 1780 1566 3333313313

986 1600 1098 1660 333133
1118 1600 1316 1661 auctoritate
1330 1598 1521 1676 Apostolica
1544 1600 1782 1662 3331333333

987 1696 1020 1758 31
1042 1697 1217 1773 praesentis
1244 1695 1359 1772 scripti
1385 1696 1571 1773 patrocinio
1598 1699 1784 1758 3333331-

987 1809 1071 1853 333.
1101 1793 1194 1854 Nulli
1222 1808 1301 1867 ergo
1327 1794 1462 1855 omnino
1488 1793 1660 1854 hominum
1681 1793 1782 1857 liceat

987 1889 1074 1949 banc
1095 1889 1251 1966 paginam
1272 1889 1394 1950 nostrae
1416 1889 1631 1965 protectionis
1652 1893 1784 1952 31333-

987 1985 1185 2048 firmationis
1196 1985 1391 2062 infringere,
1403 1987 1456 2048 331
1468 1987 1783 2076 313333133333313

987 2083 1164 2144 contraire.
1181 2084 1216 2144 Si
1230 2084 1304 2160 quis
1317 2083 1427 2145 33133
1441 2084 1503 2144 hoc
1518 2083 1681 2146 attentare
1694 2101 1783 2162 prae-

987 2179 1178 2257 sumpserit,
1194 2179 1707 2258 indignationemomnipotentis
1723 2183 1783 2244 Dei

987 2277 1021 2338 et
1029 2277 1201 2339 beatorum
1212 2279 1303 2339 Petri
1316 2278 1349 2339 et
1361 2279 1458 2339 Pauli
1472 2278 1697 2355 apostolorum
1710 2283 1783 2356 ejus

988 2391 1025 2436 se
1039 2376 1170 2437 noverit
1187 2376 1412 2437 incursurum.
1427 2377 1545 2436 Datum
1560 2377 1716 2438 Laterani
1720 2422 1781 2439 .....

987 2471 1079 2545 3311,
1097 2472 1307 2549 pontificatus
1321 2473 1526 2534 3331313333
1540 2472 1681 2536 133133.

1331 2703 1449 2792 CLIV

987 2845 1041 2906 Ad
1057 2845 1339 2908 &permanentem
1359 2848 1555 2921 eptreopum
1576 2847 1610 2910 et
1634 2848 1783 2912 Petram

1206 2944 1247 3004 de
1268 2945 1481 3015 0311333113,
1498 2944 1532 3004 31
1552 2987 1560 3003 .

1270 3071 1305 3128 to
1323 3071 1392 3128 maii
1411 3072 1491 3130 1226.

1111 3181 1249 3249 [Bonquet
1260 3186 1318 3238 Rec.
1332 3185 1376 3237 133
1386 3185 1463 3250 11131,
1476 3187 1542 3248 xlx,
1554 3202 1581 3255 3.
1594 3187 1662 3255 tta]

987 3299 1188 3358 Catalaunensi
1211 3302 1423 3374 33133333νί13
1445 3302 1556 3374 iuncto,
1577 3304 1784 3363 3313333313

1022 3388 1204 3444 3313133313
1220 3389 1360 3447 Guillelmi
1375 3387 1411 3446 de
1421 3391 1605 3463 Damnipctra
1620 3407 1686 3449 curn
1702 3394 1784 3451 Flan-

1022 3474 1118 3531 drensi
1136 3476 1568 3549 3331113333333133313331,
1589 3480 1660 3537 elios
1671 3480 1783 3553 judices

1022 3563 1165 3620 Honorius
1180 3562 1304 3636 delegat.

1026 3690 1195 3751 Honorius
1220 3690 1448 3768 episcopus...,
1474 3692 1659 3755 venerabili
1685 3694 1783 3760 fratri

987 3787 1395 3865 Suessionensiepiscopo
1410 3787 1469 3869 (1),
1491 3790 1523 3853 31
1549 3790 1679 3853 dilectis
1702 3790 1782 3853 liliis

986 3882 1146 3959 magistro
1157 3886 1194 3946 Ρ.
1207 3882 1247 3947 13
1260 3886 1471 3959 (1311333113,
1484 3885 1656 3964 333311333
1668 3888 1782 3951 333133

986 3978 1137 4041 Ρ3313133
1150 3982 1379 4055 commoranti,
1391 3984 1425 4045 et
1443 3984 1485 4045 N.
1501 3984 1705 4061 Lingonensi
1720 4002 1781 4048 ar-

986 4076 1195 4151 chidiacono,
1212 4080 1364 4153 salutem,
1381 4082 1444 4143 313.

1026 4176 1107 4237 Cum
1126 4192 1261 4238 causam
1281 4176 1485 4239 matrimonii
1505 4174 1591 4255 quod
1614 4178 1704 4242 inter
1718 4197 1781 4243 no-

985 4268 1086 4333 bilem
1108 4270 1218 4334 31333
1238 4272 1444 4335 Willelrnum
1473 4272 1513 4337 13
1542 4278 1721 4353 Dampetra
1749 4280 1782 4341 31

985 4365 1130 4428 nobilem
1159 4370 1203 4429 M.
1227 4364 1274 4448 (2)
1298 4375 1446 4432 sororem
1471 4372 1648 4435 3331113333
1675 4373 1780 4434 Flan-

984 4456 1116 4525 ¹(irensis
1135 4463 1308 4527 dicebatur
1322 4468 1432 4529 minus
1447 4468 1596 4545 legitime
1613 4469 1684 4531 lore
1699 4487 1781 4532 con-

984 4560 1139 4633 tractum,
1149 4561 1244 4625 honae
1255 4565 1424 4627 memoriae
1440 4564 1676 4627 catalaunensi
1689 4567 1782 4645 cpis-

985 4672 1068 4733 3333
1104 4656 1163 4737 (3),
1201 4660 1234 4725 31
1268 4660 1383 4733 uobis,
1420 4660 1501 4733 tilii,
1539 4662 1712 4739 capellano
1748 4664 1783 4726 et

135 4751 267 4813 dilectis
279 4752 357 4814 111113
372 4753 484 4815 abbati
497 4756 530 4815 et
544 4754 722 4817 conventui
736 4756 931 4817 monasterii
985 4752 1241 4828 archidiacono,
1263 4756 1323 4819 sub
1346 4758 1436 4819 33313
1456 4757 1562 4820 torma
1585 4759 1779 4823 duxerimus

135 4848 932 4930 1311313133,3313133311333131133311333-
985 4850 1273 4929 committendam
1291 4854 1381 4931 quia,
1407 4854 1492 4916 sicut
1518 4855 1650 4929 dieitur,
1672 4856 1779 4920 113133

135 4936 326 5012 dictionem.
985 4946 1159 5026 episcopus
1172 4948 1260 5011 3133
1273 4949 1323 5040 est
1337 4950 1504 5013 universae
1520 4952 1631 5015 carnis
1646 4953 1780 5031 ingres-

178 5044 397 5106 Sacrosancta
416 5046 567 5107 Romana
581 5042 730 5107 Ecclesia
743 5043 878 5107 devotos
897 5045 930 5107 31
985 5060 1053 5117 333,
1071 5060 1172 5109 33333
1195 5046 1268 5123 1333
1289 5039 1423 5109 dubium
1438 5065 1505 5110 non
1528 5050 1635 5125 331311
1655 5048 1779 5117 habere

133 5139 279 5201 humiles
308 5140 396 5203 tilios
424 5157 467 5202 ex
491 5142 634 5203 assuetae
660 5142 794 5218 pietatis
822 5141 930 5205 3111313
983 5156 1176 5220 processum
1192 5138 1252 5223 (4).
1279 5142 1330 5205 Ν3
1349 5143 1453 5220 igitur
1471 5142 1663 5223 hujusmodi
1677 5164 1779 5210 33333

133 5236 333 5314 propensius
355 5236 494 5313 diligere
516 5237 706 5307 consuerit,
729 5239 825 5301 3133
846 5255 929 5316 pra·
984 5240 1156 5301 remaneat
1183 5239 1308 5302 diutius
1334 5240 1370 5301 in
1399 5256 1575 5319 33333333,
1603 5244 1647 5316 13,
1675 5243 1779 5307 frater

134 5348 253 5395 33333
278 5332 451 5395 hominum
477 5334 640 5396 molestiis
665 5335 848 5411 agitentur,
873 5352 930 5399 333
984 5335 1149 5413 33133333,
1165 5334 1238 5397 1333
1254 5339 1326 5413 ejus
1342 5337 1497 5400 1331333
1512 5339 1790 5417 subrogandumr

172 5496 200 5566 (l
233 5498 348 5556 Jeoobo.
407 5500 447 5573 (2)
468 5500 669 5577 1133333133.

281 5571 287 5581 .
1021 5500 1061 5575 (t)
1081 5500 1225 5576 Legenda
1242 5517 1274 5560 ea
1292 5500 1328 5561 de
1347 5518 1377 5562 re
1400 5506 1612 5579 1133333333,
1631 5506 1679 5563 lib.
1698 5508 1776 5579 Vlll,

172 5568 202 5642 11
235 5570 395 5628 Gurllelmo.

983 5574 1129 5646 3313187,
1145 5572 1181 5631 31
1199 5586 1246 5633 an.
1264 5576 1491 5647 1211331180.
