4217 6400
149 283 207 344 tar

145 442 349 520 capellarum
369 442 584 505 cenadiensis
603 442 756 504 dioecesis
776 457 939 520 augmen-

143 541 266 612 tentur,
284 540 389 602 donec
405 541 494 602 statu
507 540 654 616 ipsorum
670 539 860 611 reformato,
875 542 938 602 sta·

143 639 198 700 tus
213 653 342 715 quoque
358 639 462 714 ipsius
478 637 627 698 ecclesiae
642 637 851 698 reformetur.
868 641 936 697 Ge-

143 737 256 796 rentes
284 736 388 810 igitur
412 735 452 795 de
476 736 541 795 tuae
571 735 720 796 caritatis
744 735 937 795 sinceritate

143 832 299 893 fiduciam
334 832 524 908 specialem,
553 831 755 894 fraternitati
783 835 848 894 tuae
879 848 938 908 per

142 929 335 1006 Apostolica
371 930 495 1006 scripta
530 930 737 1003 mandamus,
774 931 937 1006 quatenus

142 1026 365 1104 personaliter
380 1027 421 1087 ad
436 1026 612 1087 ecclesiam
627 1026 866 1086 cenadiensem
881 1042 939 1087 ac·

143 1124 254 1196 cedas,
269 1125 302 1186 61
315 1123 428 1185 habito
444 1124 595 1199 diligenti
611 1124 754 1186 tractatu
774 1139 848 1184 cum
865 1124 938 1200 epi-

142 1236 244 1297 scopo
256 1221 289 1282 et
299 1220 444 1296 capitulo
455 1221 665 1296 supradietis
676 1236 776 1296 super
786 1220 848 1281 hoc
859 1235 938 1297 pro-

140 1318 269 1390 videas,
282 1319 380 1394 prout
389 1319 537 1395 pensatis
552 1317 705 1379 omnibus
716 1318 938 1379 circumstan-

140 1415 199 1476 tiis
223 1415 346 1476 videris
370 1405 619 1492 providendum.
647 1416 763 1476 Datum
784 1417 844 1474 XV
867 1414 934 1475 kal.

140 1512 340 1585 decembris,
361 1511 572 1588 pontificatus
592 1512 697 1574 nostri
716 1527 805 1572 anno
829 1511 937 1572 unde-

142 1624 244 1672 ormo.

522 1751 559 1838 X

192 1906 245 1965 Ad
256 1901 538 1965 emmunitatem
550 1902 702 1963 civitatis
716 1903 884 1978 Ripensis.

402 2034 435 2090 19
448 2032 582 2090 novemb.
599 2033 678 2090 laio.

273 2157 465 2223 [Turgenevius
478 2157 581 2207 blonim.
596 2155 703 2218 Russiae,
716 2156 736 2215 1,
750 2155 800 2220 la]

137 2283 382 2356 compositionem
404 2279 783 2354 superjurisdiotionibuset
797 2278 933 2337 libertati-

261 2421 266 2428 .
290 2371 344 2428 bus
356 2370 479 2428 civitatis
493 2368 618 2442 praelatae
629 2367 789 2426 confirmat.

181 2497 852 2573 Honoriusepiscopus,servusservorum
862 2493 933 2565 Dei,

138 2593 371 2657 communitati
384 2592 529 2653 civitatis
542 2591 708 2663 Rigensis,
723 2590 786 2651 etc.

182 2693 229 2751 Ea
245 2706 318 2766 quae
331 2689 469 2766 judicio,
485 2688 539 2749 vel
555 2687 771 2747 concordia...
786 2689 936 2760 1166166-

138 2789 205 2859 161,
220 2786 435 2864 petitionibus
460 2784 582 2845 vestris
605 2785 701 2859 grato
729 2799 769 2844 ao
791 2783 935 2858 benigno

138 2889 377 2947 concurrentes
393 2897 544 2953 assensu,
561 2881 843 2956 compositionem,
861 2895 934 2956 quae

139 2985 299 3044 intervos
314 2998 357 3042 ex
373 2997 438 3041 una
453 2981 558 3056 parte,
572 2981 606 3040 et
625 2977 851 3040 venerabilem
866 2977 936 3036 sra-

137 3081 225 3143 trem
260 3080 410 3141 nostrum
436 3078 626 3154 episcopum
662 3076 933 3137 livoniensem...

137 3168 573 3257 praepositum'Rigensem,
608 3175 641 3235 et
663 3173 784 3236 iratres
806 3173 934 3234 militiae

138 3275 275 3342 Christi,
297 3273 507 3333 Livoniensis
524 3272 688 3342 dioecesis,
713 3272 863 3346 exparte
884 3270 935 3330 al-

137 3374 223 3445 tera,
238 3386 339 3448 super
346 3368 647 3448 Jurisdictionibus,
670 3369 703 3430 et
725 3367 934 3429 libertatibus

138 3471 284 3533 civitatis
298 3470 430 3539 vestrae,
447 3467 612 3527 mediante
627 3465 812 3526 venerabili
832 3464 935 3526 116116

137 3571 253 3630 nostro
273 3571 309 3627 G.
334 3564 514 3627 Mutinensi
540 3564 707 3640 episcope,
735 3562 934 3638 Apostolicee

140 3665 235 3728 Sedis
250 3666 370 3739 legate,
388 3662 608 3724 amicabiliter
629 3661 821 3731 intervenit,
837 3660 935 3736 prout

138 3763 174 3823 in
194 3762 300 3839 ipsius
319 3760 441 3821 litteris
465 3760 595 3836 plenius
619 3758 818 3829 continetur,
849 3758 936 3818 61661

139 3860 212 3920 6166
227 3859 391 3936 pravitate
406 3857 543 3934 provide
557 3856 645 3917 iacta
660 3857 720 3927 est,
738 3857 771 3918 et
785 3855 826 3915 ab
840 3856 935 3915 utra-

139 3968 204 4029 que
219 3954 312 4028 parte
327 3952 442 4027 sponte
457 3950 602 4024 recepta,
617 3949 649 4010 et
663 3949 823 4009 hactenus
837 3949 932 4024 paci·

140 4050 203 4108 lice
223 4046 408 4116 observata,
423 4046 622 4106 auctoritate
644 4045 834 4119 Apostolica
848 4061 932 4107 666-

142 4145 324 4213 firmamus,
347 4142 381 4202 et
404 4140 579 4217 praesentis
604 4140 719 4215 scripti
746 4140 933 4215 patrocinio

139 4240 392 4303 communimus.
410 4237 456 4298 Ad
481 4238 641 4312 majorem
663 4237 773 4296 autem
788 4238 838 4296 rei
862 4240 935 4298 evi-

139 4338 296 4409 dentiam,
322 4338 473 4398 tenorem
499 4334 685 4396 litterarum
711 4332 861 4408 ipsarum
893 4334 933 4395 de

137 4436 240 4497 verbo
254 4435 295 4495 ad
310 4434 448 4495 verbum
469 4428 689 4508 praesentibus
704 4430 860 4490 duximus
881 4430 934 4489 in-

139 4533 326 4603 serendum,
348 4532 404 4608 qui
417 4531 492 4592 talis
505 4532 557 4592 est
573 4550 580 4589 ε

177 4632 295 4691 Coram
311 4628 406 4689 nohis
422 4629 487 4699 W,
503 4626 616 4687 divina
628 4624 843 4686 miseratione
858 4625 934 4685 Mu-

136 4727 262 4791 tinensi
291 4725 456 4802 episcopo,
480 4724 678 4799 apostolice
701 4724 796 4783 Sedis
809 4722 931 4797 legato,

136 4821 604 4887 intervenerabilemlratrem
614 4820 686 4881 Alb.
700 4820 933 4882 Livoniensem

137 4923 341 5001 episcopum,
358 4920 392 4981 et
407 4918 544 4979 dilectos
560 4918 647 4977 filios
659 4920 724 4989 Jo.,
743 4917 933 4992 Rigiensem

136 5019 364 5098 praepositum,
381 5018 415 5077 et
429 5014 572 5085 Walch.,
592 5015 787 5090 magistrum
804 5014 933 5075 militiae

137 5118 307 5179 christiin
319 5112 459 5176 Livonia
470 5128 512 5173 ex
523 5128 588 5173 una
603 5114 708 5187 parte,
719 5112 752 5173 et
763 5110 933 5172 hlhertum

136 5214 311 5292 syndicum
326 5212 470 5273 civitatis
492 5210 659 5285 Rigensis,
679 5210 814 5269 nomine
826 5209 934 5285 ipsius

137 5311 294 5381 civitatis,
304 5305 820 5382 61611616,66661361161116116116
829 5305 933 5381 ipsius

136 5408 294 5479 civitatis,
311 5407 344 5468 et
358 5420 458 5482 super
472 5404 614 5475 moneta,
639 5406 672 5464 et
683 5418 784 5479 super
796 5402 935 5479 quibus-

137 5508 214 5568 dam
226 5505 304 5567 aliis
317 5503 484 5579 capitulis,
501 5501 588 5578 quod
605 5500 797 5577 hujusmodi
818 5502 933 5561 verte-

135 5607 246 5669 batur.
269 5600 408 5665 Dicebat
422 5614 563 5677 namque
583 5597 741 5675 syndicus
756 5598 935 5675 praenomi-

763 284 991 345 EPISTOLAE.
1012 285 1091 344 L1B.
1116 285 1172 345 XI.

1731 285 1790 345 138

991 443 1089 505 natus
1100 442 1227 505 civibus
1242 443 1344 506 licere
1356 444 1501 522 judicem
1523 443 1667 508 civitatis
1682 459 1786 506 cons-

992 541 1124 608 tituere,
1136 541 1272 617 eoquod
1286 542 1448 604 haberent
1459 545 1514 620 jhs
1528 543 1709 604 Gothorum
1723 541 1787 604 sihi

992 636 1204 714 abepiscopo
1228 653 1248 698 a
1272 639 1508 701 constitutione
1530 639 1675 700 civitatis
1706 655 1789 700 con-

992 750 1133 806 cessum,
1174 751 1274 812 super
1307 737 1426 812 quihus
1459 738 1683 812 interrogatus
1716 739 1787 813 jam

992 832 1099 892 dictus
1110 833 1262 893 dominus
1273 834 1459 909 episcopus,
1472 849 1531 909 pro
1547 849 1594 906 se,
1609 835 1787 911 praeposito

975 930 1025 988 .et
1045 930 1205 1004 magistro
1216 931 1434 1006 praesentibus
1448 931 1579 1002 ibidem,
1599 932 1632 992 et
1647 947 1789 992 consen-

992 1024 1150 1087 tientibus
1161 1026 1342 1103 respondit,
1357 1028 1443 1104 quod
1458 1029 1723 1090 aconstitutione
1738 1029 1789 1088 ci-

991 1123 1105 1184 vitatis
1121 1124 1288 1186 concessit
1305 1125 1434 1184 civibus
1450 1125 1484 1184 in
1506 1140 1628 1200 genere
1645 1128 1702 1201 jus
1719 1129 1787 1186 Go-

992 1221 1136 1292 thorum,
1160 1222 1193 1282 et
1212 1221 1402 1298 specialiter
1426 1221 1612 1284 libertatem
1629 1238 1648 1283 a
1664 1222 1786 1293 duello,

991 1316 1159 1390 theloneo,
1176 1317 1337 1408 candente
1354 1319 1452 1389 serre,
1468 1322 1501 1381 et
1519 1319 1706 1394 naufragio.
1720 1321 1789 1380 Du-

991 1413 1158 1475 bitabatur
1178 1416 1288 1477 autem
1301 1415 1457 1478 intereos
1471 1416 1548 1493 quid
1560 1417 1649 1478 esset
1659 1419 1715 1492 jus
1726 1419 1788 1478 (io-

991 1511 1134 1582 thorum,
1158 1513 1199 1573 de
1224 1513 1343 1589 quibus
1372 1513 1526 1574 omnibus
1555 1513 1595 1574 de
1620 1530 1786 1574 consensu

991 1609 1104 1670 nostro
1119 1609 1167 1669 eis
1186 1609 1312 1685 placuit
1326 1610 1514 1685 transigere
1538 1611 1573 1670 in
1597 1610 1685 1670 hunc
1712 1627 1787 1672 mo-

991 1706 1080 1778 dum,
1097 1707 1263 1778 videlicet,
1290 1707 1376 1782 quod
1403 1708 1493 1768 cives
1515 1707 1643 1783 possint
1667 1709 1729 1768 sihi
1746 1709 1789 1768 li-

990 1802 1069 1863 bere
1095 1804 1241 1879 judicem
1262 1803 1385 1879 eligere
1410 1804 1566 1877 civitatis,
1595 1805 1627 1866 et
1648 1806 1788 1866 electum

991 1899 1134 1962 debeant
1156 1903 1310 1977 episcopo
1326 1904 1541 1976 praesentare,
1559 1903 1592 1964 et
1613 1903 1788 1978 episcopus

991 1998 1100 2073 ipsum
1122 1999 1288 2060 investiet.
1317 1999 1376 2060 Ille
1400 2015 1480 2059 vero
1500 1999 1606 2076 judex
1627 1999 1667 2060 de
1696 2001 1787 2060 omni

991 2111 1093 2156 causa
1105 2096 1279 2173 temporali
1290 2098 1483 2171 cognoscat;
1497 2096 1649 2157 homines
1662 2101 1784 2169 autem,

991 2193 1047 2269 qui
1062 2201 1138 2254 sunt
1149 2193 1189 2254 de
1201 2193 1436 2270 jurisdictione
1454 2193 1613 2271 episcopi,
1629 2194 1681 2254 vel
1696 2195 1785 2255 alio·

990 2306 1076 2363 rum,
1092 2291 1148 2367 qui
1162 2290 1203 2351 ab
1219 2291 1373 2366 episcopo
1388 2289 1521 2352 lendum
1534 2293 1657 2362 tenent,
1673 2293 1709 2353 61
1721 2308 1789 2352 ma-

990 2389 1104 2463 gister,
1120 2389 1319 2463 praepositus
1331 2391 1363 2449 et
1374 2388 1443 2460 alii,
1456 2404 1522 2449 non
1535 2389 1712 2450 teneantur
1724 2389 1784 2449 suh

990 2485 1149 2561 praedicto
1156 2485 1627 2562 judicerespohdere;hiside
1639 2489 1787 2549 contrac-

989 2580 1089 2655 tibus,
1107 2583 1139 2644 61
1160 2582 1289 2644 delictis
1304 2584 1339 2643 in
1355 2582 1499 2654 civitate,
1520 2583 1572 2644 vel
1588 2583 1675 2644 inira
1692 2600 1785 2644 mar·

990 2680 1099 2740 chiam
1115 2680 1260 2741 civitatis
1271 2681 1466 2752 commissis,
1481 2681 1534 2742 vel
1545 2682 1735 2742 contractis.
1752 2682 1787 2743 Sl

990 2779 1101 2837 autem
1125 2777 1311 2853 episeopus,
1339 2778 1549 2854 praepositus,
1577 2779 1737 2854 magister
1755 2781 1789 2840 et

990 2873 1093 2934 abbas
1108 2874 1148 2934 de
1164 2877 1350 2937 Dunemont
1375 2875 1555 2936 habuerint
1580 2875 1705 2947 domos,
1729 2876 1788 2938 aut

990 2986 1089 3046 agros
1112 2971 1199 3032 inira
1220 2971 1403 3032 marchiam
1431 2972 1587 3044 civitatis,
1613 2974 1704 3034 61111
1733 2973 1786 3034 his

990 3070 1197 3129 contractum
1218 3070 1318 3130 luerit
1344 3069 1481 3146 aliquid,
1505 3071 1558 3132 vel
1573 3071 1786 3130 commissum

990 3165 1051 3227 sub
1067 3181 1116 3241 66,
1134 3168 1228 3243 cujus
1254 3166 1354 3229 suerit
1376 3167 1502 3241 domus,
1529 3167 1583 3230 vel
1607 3183 1698 3245 ager,
1725 3167 1787 3229 de-

988 3263 1066 3325 beat
1079 3264 1264 3326 terminari.
1277 3265 1353 3325 Etsi
1364 3264 1443 3342 ¹quis
1456 3265 1539 3326 civis
1550 3266 1785 3341 jurisdictione

989 3362 1148 3437 episcopi,
1174 3362 1356 3438 praepositi,
1387 3363 1442 3422 vel
1468 3363 1620 3437 magistri
1652 3379 1786 3440 posses-

989 3459 1101 3519 siones
1115 3458 1279 3530 habuerit,
1294 3460 1348 3519 vel
1360 3457 1407 3519 ihi
1423 3460 1640 3531 contraxerit,
1658 3476 1717 3521 666
1732 3461 1791 3521 de·¹

988 3554 1110 3615 lectum
1126 3556 1338 3627 commiserit,
1356 3557 1509 3616 teneatur
1535 3555 1594 3615 sub
1621 3572 1671 3628 eo,
1690 3560 1785 3633 cujus

989 3652 1090 3713 luerit
1099 3652 1300 3728 jurisdictio,
1318 3653 1537 3728 respondere;
1553 3654 1667 3714 clerici
1691 3670 1782 3733 vere,

988 3749 1041 3811 vel
1055 3750 1115 3810 alii
1131 3749 1194 3809 viri
1210 3750 1370 3823 religiosi,
1395 3751 1431 3811 ut
1446 3750 1604 3825 magister
1619 3753 1651 3812 61
1665 3751 1785 3812 1161166

989 3850 1072 3924 eJ'us,
1089 3847 1142 3909 vel
1158 3846 1386 3922 Hospitalarii,
1403 3848 1439 3909 ut
1454 3848 1567 3909 Sancti
1592 3847 1735 3924 Spiritus
1753 3852 1786 3910 61

990 3945 1105 4006 Sancti
1119 3945 1249 4016 Lazari,
1262 3944 1302 4005 de
1317 3944 1409 4005 nulla
1423 3960 1524 4006 causa
1534 3946 1712 4007 teneantur
1722 3946 1784 4007 suh

989 4043 1147 4121 praedicto
1160 4042 1306 4103 civitatis
1317 4043 1429 4119 judice
1445 4043 1657 4118 respondere.
1675 4046 1787 4105 Mone-

989 4143 1056 4201 tam
1084 4140 1194 4200 autem
1219 4140 1253 4199 in
1280 4139 1415 4199 civitate
1449 4139 1522 4199 lieri
1549 4143 1785 4218 cujuscumque

988 4238 1115 4307 formae,
1147 4236 1190 4296 sit
1216 4237 1250 4295 in
1284 4236 1445 4309 potestate
1472 4236 1598 4297 domini
1625 4230 1783 4315 episcopi,

988 4333 1067 4392 dum
1086 4333 1198 4393 tamen
1223 4331 1371 4406 ejusdem
1395 4328 1553 4395 bonitatis
1573 4335 1626 4407 sit,
1644 4338 1676 4397 61
1698 4352 1785 4412 pon-

989 4429 1090 4493 deris,
1106 4432 1201 4504 cujus
1217 4430 1269 4490 est
1284 4430 1415 4491 moneta
1427 4432 1620 4502 Gothorum,
1633 4448 1689 4492 seo
1704 4436 1787 4493 Gut-

988 4526 1122 4586 landiae.
1140 4526 1236 4586 Cives
1250 4542 1330 4587 vero
1353 4528 1450 4589 liberi
1475 4528 1542 4589 sint
1564 4530 1600 4589 in
1616 4529 1784 4605 praedictis

988 4624 1131 4701 quatuor
1144 4624 1309 4699 capitulis,
1324 4624 1452 4686 scilicet
1466 4641 1485 4685 a
1498 4624 1599 4693 terro,
1615 4626 1782 4699 thelone0,

988 4721 1176 4796 naufragio
1193 4722 1227 4781 et
1239 4721 1360 4782 duello.
1376 4722 1535 4783 Omnibus
1549 4725 1661 4785 autem
1673 4723 1785 4784 volen-

987 4818 1076 4881 tibus
1091 4819 1219 4880 intrare
1242 4820 1411 4880 civitatem
1433 4819 1474 4879 ad
1495 4818 1722 4893 habitandum,
1737 4820 1783 4881 li-

988 4917 1062 4978 ceat
1088 4916 1177 4977 cives
1202 4917 1274 4977 iieri
1290 4916 1457 4992 praedictae
1475 4916 1630 4977 civitatis.
1655 4917 1784 4995 Siquid

988 5013 1089 5074 etiam
1118 5014 1296 5089 potuerunt
1322 5011 1463 5089 probare
1488 5012 1578 5073 intra
1602 5014 1784 5077 triennium

988 5126 1064 5171 esse
1077 5110 1117 5170 de
1128 5113 1205 5187 jure
1217 5110 1498 5170 Theutonicorum
1509 5114 1784 5175 commorantium

987 5192 1023 5268 in
1036 5207 1226 5279 Gutlandia,
1244 5206 1360 5267 eodem
1374 5207 1543 5282 gaudeant
1564 5210 1596 5269 et
1609 5210 1782 5285 RigenseS,

988 5306 1128 5381 excepto
1152 5320 1192 5365 eo
1219 5302 1316 5380 quod,
1334 5304 1364 5363 si
1387 5304 1583 5366 'iheutonici
1607 5307 1786 5368 Gutlandia

988 5402 1202 5464 instituerent
1211 5402 1423 5476 aliquatenus
1436 5403 1653 5475 sacerdotem,
1666 5406 1787 5480 Rigen·

989 5516 1043 5561 ses
1055 5501 1167 5561 tamen
1184 5514 1353 5574 nunquam
1365 5501 1494 5577 possint
1512 5501 1714 5562 constituere
1730 5517 1786 5563 sa-

989 5597 1167 5661 cerdotem.
1197 5596 1314 5659 Actum
1349 5597 1384 5659 in
1413 5597 1508 5675 Riga,
1537 5613 1626 5660 anno
1653 5600 1784 5661 Domini
