4217 6400
151 339 191 400 49
769 330 999 395 EPISTOLAE.
1025 331 1106 393 LIB.
1128 330 1169 391 X·
1752 328 1794 392 50

152 513 238 573 mus,
253 511 438 570 monemus,
455 494 488 558 et
501 493 675 558 hortamur
685 493 819 567 attente,
832 494 944 570 quate·

152 613 216 658 nus
244 596 421 671 diligenter
455 594 644 660 attendens,
678 608 776 669 quarn
818 590 944 652 utiliter

152 693 423 772 prospexerimus
439 691 545 752 eidem
557 690 776 765 strigoniensi
792 687 941 750 ecclesiae

153 805 194 850 ac
217 789 277 852 tibi
305 790 338 851 et
364 803 468 864 regno
493 788 550 849 tuo
572 788 608 848 in
634 801 776 863 persona
797 784 943 862 episcopi

153 887 339 956 memorati,
362 887 397 947 in
410 885 497 946 facto
512 884 712 961 hujusmodi,
730 882 944 959 acceptumst

153 985 285 1060 gratum
312 983 395 1043 illud
431 981 594 1054 habendo,
620 980 785 1043 voluntati
821 981 943 1040 nostrae

152 1082 305 1158 prompto
331 1095 511 1141 concurras
537 1078 671 1150 affectu,
694 1079 807 1154 sicque
836 1077 943 1153 ipsum

153 1178 346 1254 episcopum
360 1192 434 1238 cum
457 1193 616 1238 concessa
635 1175 698 1236 sibi
714 1191 733 1236 a
748 1174 843 1236 nobis
860 1174 946 1234 Stri-

153 1273 307 1349 goniensi
332 1273 474 1334 ecclesia
494 1274 690 1351 propensius
712 1271 835 1333 habeas
860 1287 945 1332 com-

153 1371 361 1446 mendatum3
379 1370 465 1448 quod
480 1371 514 1433 et
527 1371 614 1432 idem
627 1371 677 1432 tui
692 1369 816 1431 favoris
827 1368 946 1429 sufful-

152 1469 207 1528 tus
228 1468 388 1543 suffragio
410 1467 565 1544 prodesse
584 1467 649 1544 ipsi
670 1466 832 1537 ecclesiae,
851 1481 890 1526 ac
910 1465 944 1524 in

153 1579 205 1636 ea,
231 1565 267 1626 ut
285 1566 456 1640 speratur,
481 1564 682 1625 fructificare
704 1563 825 1634 valeat,
852 1563 884 1623 et
908 1562 945 1622 tu

151 1662 305 1724 exindea
325 1665 391 1723 Deo
406 1662 561 1722 meritum
583 1661 809 1737 consequaris.
826 1661 944 1720 Datum

151 1759 320 1832 Laterani,
336 1759 412 1820 idus
428 1759 551 1832 martii,
569 1773 656 1820 anno
672 1757 811 1818 decimo.

484 1983 609 2070 CXIII

151 2135 203 2195 Aa
216 2134 402 2196 liebertum
417 2137 612 2208 episcopam
630 2135 942 2207 Weaprtmtcaseat.

435 2265 468 2322 13
483 2265 576 2322 martii
593 2265 672 2322 1226.

292 2389 382 2455 [fejer.
398 2388 460 2440 Cod.
473 2387 534 2454 dipl.
547 2389 692 2453 llung.,lll,
707 2402 736 2446 rt,
753 2387 805 2452 83.]

250 2525 312 2581 lloc
325 2524 418 2596 ipsum
433 2523 519 2581 etiam
535 2523 657 2580 lieberto
673 2523 778 2579 notitia
790 2521 849 2579 dat.

193 2659 371 2728 Honorius,
394 2659 469 2730 etc,
498 2659 653 2735 episcopo
679 2656 942 2734 wesprimiensi.

193 2757 230 2814 In
242 2771 432 2829 gravamen,
450 2757 488 2816 at
501 2770 611 2827 srrpra
626 2770 733 2827 asarta
747 2754 896 2829 fatigata,
913 2743 945 2813 te

152 2850 195 2912 ad
217 2851 334 2926 ipsam,
352 2867 449 2928 quam
472 2852 636 2912 credimus
654 2851 895 2911 incrementum
910 2850 944 2909 in

995 491 1131 563 latores,
1142 488 1234 552 tanto
1245 490 1352 566 magis
1363 505 1422 552 vos
1435 488 1571 552 dedecet
1583 487 1694 552 facere
1704 488 1794 552 frau-

997 590 1070 650 dem
1086 589 1163 663 legi,
1180 590 1214 648 et
1228 588 1412 663 praesertim
1427 589 1462 649 in
1481 588 1680 664 apostolicae
1697 589 1792 649 Sedis

996 686 1165 761 injuriam,
1176 685 1209 746 et
1218 685 1451 761 contemptum.
1465 687 1553 745 Sane
1566 684 1677 746 dilecti
1692 685 1791 746 filii...

997 782 1110 853 abbas,
1125 781 1159 843 et
1170 783 1353 842 conventus
1367 783 1481 842 Sancti
1495 782 1649 842 Germani
1664 781 1704 842 de
1715 785 1795 842 Pra-

996 879 1040 941 us
1055 879 1257 939 Parisiensis
1277 894 1414 954 gravem
1438 879 1478 939 de
1505 878 1599 939 robis
1624 880 1794 955 querimo-

998 976 1089 1037 niam
1106 975 1305 1046 obtulerunt‚
1322 975 1409 1051 quod
1434 974 1565 1051 quidam
1584 977 1743 1048 restrum,
1761 976 1794 1037 et

998 1089 1114 1134 eorum
1129 1072 1289 1133 officiales
1304 1087 1378 1133 cnm
1391 1073 1428 1132 in
1443 1087 1511 1144 eos,
1528 1073 1562 1134 et
1577 1074 1629 1132 sui
1658 1087 1794 1134 monas-

997 1171 1075 1233 terii
1094 1170 1274 1232 monachos
1298 1169 1507 1246 nonpossint
1523 1171 1793 1231 excommunica-

998 1268 1109 1340 tionis,
1125 1269 1184 1328 aut
1196 1267 1364 1329 interdicti
1376 1267 1525 1343 proferre
1538 1267 1732 1339 sententias,
1753 1283 1793 1329 eo

998 1365 1085 1441 quod
1097 1380 1198 1440 super
1211 1365 1275 1425 hoc
1286 1364 1484 1440 Apostolicae
1498 1364 1592 1425 Sedis
1607 1364 1793 1440 privilegiis

998 1463 1076 1522 sunt
1085 1462 1205 1522 muniti
1220 1463 1256 1522 in
1272 1477 1340 1534 eos,
1358 1461 1415 1538 qui
1429 1461 1559 1523 molunt
1571 1461 1607 1520 in
1624 1461 1794 1522 molendi-

998 1559 1062 1631 nis,
1090 1558 1148 1620 aut
1171 1560 1316 1636 coqrrunt
1340 1559 1376 1618 in
1397 1558 1504 1618 furnis
1527 1574 1653 1628 eorum,
1681 1559 1714 1619 et
1737 1557 1793 1634 qui

997 1656 1170 1718 vendendo
1185 1673 1245 1718 seu
1260 1656 1410 1727 emendo,
1425 1657 1484 1718 aut
1497 1655 1582 1716 alias
1598 1657 1630 1716 ei
1642 1671 1795 1716 commu·

998 1754 1122 1826 niceni,
1139 1756 1320 1816 sententias
1342 1754 1514 1831 proferunt
1533 1753 1744 1824 memoratas,
1761 1753 1794 1814 et

998 1853 1046 1913 sic
1070 1854 1334 1928 Apostolicorum
1361 1852 1613 1928 privilegiorum
1625 1867 1691 1912 non
1711 1851 1790 1922 vim,

998 1949 1031 2010 et
1059 1949 1266 2024 potestatem,
1294 1949 1351 2010 sed
1380 1949 1452 2009 sola
1477 1948 1580 2008 rerba
1605 1949 1789 2019 servantes,

998 2046 1084 2107 dicti
1104 2047 1299 2107 monasterii
1324 2045 1504 2106 monachos
1528 2045 1671 2122 quodam
1696 2044 1794 2105 modo

997 2143 1296 2216 excommunicant,
1319 2143 1397 2204 dum
1422 2142 1472 2203 eis
1498 2143 1584 2203 alios
1610 2142 1795 2204 communi-

999 2256 1076 2303 care
1090 2257 1157 2301 non
1175 2241 1299 2300 sinunt.
1316 2243 1364 2301 Ex
1378 2256 1442 2316 quo
1456 2239 1539 2300 illud
1557 2241 1658 2300 etiam
1682 2238 1794 2300 evenit

998 2339 1248 2410 inconveniens,
1263 2340 1299 2398 ut
1322 2338 1386 2414 ipsi
1406 2337 1562 2397 monachi
1574 2338 1735 2413 quantum
1751 2336 1792 2396 ad

998 2436 1062 2498 hoc
1084 2436 1276 2512 judicentur
1298 2434 1425 2512 jndicio
1451 2435 1654 2507 Judaeorum,
1678 2434 1712 2495 et
1737 2433 1795 2510 qui

998 2534 1047 2594 eis
1062 2533 1306 2593 communicant
1320 2532 1355 2591 in
1369 2531 1537 2607 praedictis
1547 2535 1708 2608 majorem
1722 2547 1795 2607 poe-

998 2648 1076 2691 nam
1092 2630 1273 2701 incurrant,
1290 2645 1389 2706 quam
1416 2629 1516 2689 etiarn
1531 2628 1795 2689 excommunica-

998 2727 1042 2788 tis
1063 2726 1336 2787 commnnicando
1365 2725 1498 2786 fuerant
1521 2726 1700 2786 incursuri.
1724 2727 1797 2787 No·

998 2824 1104 2885 lentes
1119 2824 1222 2899 igitur
1236 2823 1300 2883 hoc
1313 2822 1439 2883 crebris
1456 2823 1496 2882 ad
1517 2838 1578 2882 nos
1593 2822 1794 2882 clamoribus

153 2947 383 3024 spiritualibus
396 2951 428 3010 et
442 2947 682 3024 temporalibus
697 2947 757 3008 sub
780 2947 837 3009 tuo
853 2947 945 3022 regi·
994 2924 1065 2999 jam
1093 2921 1221 2997 perlata
1249 2920 1389 2980 Ulterius
1431 2919 1493 2978 ⁸¹¹¹)
1530 2919 1795 2980 diSSifflfflaffiOnO

151 3044 242 3104 mine
264 3044 500 3121 suscepturam,
527 3045 567 3106 de
588 3044 727 3106 fratrum
756 3043 943 3105 nostrorum

153 3142 308 3211 consilio,
320 3141 553 3203 assumendum
569 3158 611 3203 ex
622 3141 731 3204 officio
743 3141 855 3203 nostro
871 3155 945 3217 pro·

151 3238 296 3299 vidimus
325 3240 360 3299 in
383 3241 567 3315 pastorem;
593 3242 691 3317 atque
720 3239 944 3301 absolutuma

151 3336 297 3407 vinculo,
313 3338 387 3409 eto,
404 3351 510 3410 arque
537 3336 739 3397 transeundi.
761 3337 844 3407 Quia
865 3352 944 3397 vero

152 3433 363 3496 translationi
390 3433 581 3510 hujusmodi
610 3434 642 3495 te
666 3434 761 3494 decet
774 3432 945 3494 humiliter

152 3529 351 3601 consentire,
378 3545 420 3589 ne
447 3529 614 3592 vocationi
630 3529 751 3589 divinae
765 3528 943 3596 contraire,

153 3626 182 3687 si
198 3642 293 3687 secus
315 3642 444 3701 ageres,
471 3625 628 3698 videaris,
658 3625 858 3688 fraternitati
879 3625 945 3686 tuae

152 3722 189 3783 in
204 3724 325 3784 virtute
347 3722 544 3784 obedientiae
564 3723 786 3799 praecipiendo
802 3722 944 3783 manda-

152 3836 237 3891 mus,
252 3822 414 3897 quatenus
435 3820 471 3880 in
487 3821 546 3881 Dei
560 3820 694 3881 nomine
714 3820 819 3897 ipsius
834 3819 944 3881 eccle-

153 3917 212 3977 siae
226 3932 338 3977 curam
359 3917 532 3992 suscipiere,
551 3918 583 3979 et
606 3917 647 3978 ud
677 3934 750 3979 eam
778 3920 943 3989 transeas

154 4013 226 4073 sine
239 4028 342 4082 mora,
356 4012 467 4087 ibique
477 4014 509 4074 te
522 4014 621 4074 talem
635 4014 806 4085 exhibeas,
821 4016 856 4075 ut
871 4029 945 4075 cum

153 4109 291 4167 honoris
313 4109 490 4182 augmento
525 4110 669 4172 creuisse
697 4111 731 4170 in
769 4110 945 4172 virtutibus

153 4203 390 4279 comproberis.
408 4205 525 4265 Datum
539 4205 697 4281 utsupra.

491 4410 612 4496 CXIV

153 4562 205 4620 Ad
227 4563 499 4635 archiepiscopos
520 4562 554 4622 ct
579 4564 752 4636 episcopos
777 4564 814 4623 ia
838 4576 945 4639 rapae

465 4662 637 4720 Fraracice.

431 4788 464 4845 li
477 4789 571 4846 martii
588 4790 667 4848 lato.

205 4911 324 4976 [Regest.,
338 4910 382 4961 lib.
396 4912 427 4971 X,
438 4926 477 4977 ep.
488 4912 542 4962 2i5.
552 4912 609 4961 hlss.
627 4912 663 4963 La
676 4914 750 4964 Parte
760 4912 794 4963 du
806 4914 899 4979 Theti]

181 5034 292 5093 inhibet
305 5051 341 5093 ne
355 5036 512 5094 monachos
525 5037 619 5095 Sancti
632 5038 766 5095 Germani
779 5037 814 5095 de
826 5038 917 5096 Pretis

330 5124 578 5182 excommunicare
590 5134 774 5198 praesumant.

193 5252 373 5321 Honorius,
403 5250 478 5319 etc„
505 5252 751 5313 uenerabilibus
788 5252 946 5314 fratribus

153 5348 425 5424 archiepiscopis,
444 5350 476 5409 et
491 5348 653 5425 episcopis
668 5350 704 5410 in
721 5365 824 5425 regno
839 5352 947 5411 Fran-

153 5446 214 5506 ciae
230 5445 428 5516 constitutis
444 5446 582 5506 salutern
598 5446 631 5507 et
651 5448 873 5525 apostolicam
888 5448 947 5509 he·

151 5542 387 5605 nedictionem.

193 5639 321 5710 Quanto
337 5639 479 5718 amplius
494 5655 568 5703 esse
593 5640 719 5705 debetis
730 5640 870 5719 justitiae
888 5659 946 5705 ze-

997 3019 1153 3090 transire,
1174 3017 1268 3078 vobis
1290 3017 1466 3088 universis
1496 3017 1529 3077 et
1549 3017 1690 3091 singulis
1719 3016 1793 3077 dis-

998 3109 1190 3179 trictissime
1218 3114 1418 3186 inhibemus,
1444 3130 1487 3174 ne
1506 3114 1696 3190 hujusmodi
1721 3129 1796 3190 pro·

998 3214 1086 3275 ferre
1100 3214 1283 3274 sententias
1303 3212 1477 3274 decaetero
1499 3213 1719 3288 praesumatis,
1737 3212 1794 3273 sed

999 3313 1028 3372 si
1041 3312 1181 3373 forsitan
1194 3312 1282 3372 inter
1295 3326 1366 3382 vos,
1380 3312 1415 3371 et
1435 3310 1583 3386 ejnsdem
1598 3310 1794 3370 monasterii

999 3408 1180 3469 monachos
1225 3408 1373 3485 aliquam
1410 3406 1590 3482 contigerit
1626 3422 1796 3482 emergere

999 3506 1226 3581 quaestionem,
1241 3504 1283 3564 ad
1298 3504 1498 3579 apostolicae
1515 3503 1610 3563 Sedis
1622 3503 1794 3575 indicium,

999 3601 1142 3663 sialiter
1166 3601 1269 3678 sopiri
1292 3600 1492 3676 nequiverit,
1507 3600 1706 3675 perferatur,
1721 3616 1795 3677 quae

998 3698 1093 3760 vobis
1105 3697 1243 3774 J'ustitiae
1266 3697 1505 3774 plenitudinem
1527 3695 1708 3766 exhibebit,
1733 3711 1795 3772 pro

999 3797 1091 3857 certo
1110 3795 1265 3866 scientae,
1283 3794 1368 3870 quod
1396 3793 1427 3852 si
1446 3792 1530 3854 tales
1556 3793 1740 3853 sententias
1754 3793 1795 3853 de

1000 3894 1120 3953 caetero
1134 3890 1351 3968 protuleritis,
1365 3904 1438 3960 nos,
1453 3905 1528 3949 cum
1540 3888 1574 3949 id
1586 3888 1682 3949 nobis
1696 3904 1795 3949 cons-

999 3989 1114 4060 titerit,
1142 4004 1200 4050 eas
1232 3988 1390 4063 tanquam
1414 3988 1529 4048 contra
1563 3986 1794 4048 inhibitionem

1001 4086 1097 4147 Sedis
1119 4085 1318 4162 apostolicae
1336 4084 1562 4159 promulgatas
1577 4083 1794 4143 decernemus

1000 4184 1114 4245 irritas
1136 4184 1169 4243 et
1191 4182 1321 4251 inanes,
1338 4182 1371 4239 et
1394 4180 1658 4255 promulgatores
1678 4195 1794 4241 earum

1000 4280 1179 4342 severitate
1193 4277 1354 4338 canonica
1368 4276 1585 4350 corrigemus.
1601 4277 1721 4338 Datum
1735 4279 1796 4339 La-

999 4376 1120 4443 terani,
1137 4377 1168 4435 ΙΙ
1179 4373 1254 4434 idus
1267 4373 1391 4444 martii,
1408 4387 1495 4433 anno
1511 4372 1649 4435 decimo.

1349 4632 1449 4717 CXV

1039 4787 1091 4846 Ad
1104 4784 1259 4845 abbatem
1273 4782 1306 4844 ct
1318 4780 1522 4843 coaacatam
1535 4783 1569 4841 S.
1589 4782 1756 4841 &eamcam

1190 4882 1231 4941 de
1242 4880 1365 4940 Pratis
1379 4880 1605 4939 Partstcasts.

1278 5008 1511 5066 limarttilaao.

1032 5134 1210 5200 [aeganae.
1220 5134 1253 5191 x,
1265 5105 1340 5197 epist.
1352 5130 1408 5180 aar.
1420 5131 1480 5180 uss.
1492 5130 1527 5180 na
1537 5131 1613 5180 rore
1622 5130 1657 5179 uu
1669 5131 1764 5196 ruera]

1000 5260 1113 5319 inhibet
1146 5260 1175 5315 in
1207 5259 1334 5330 ipsorum
1369 5254 1497 5311 favorem
1523 5268 1561 5311 ne
1589 5254 1797 5329 archiepiscopi

1035 5350 1121 5405 aliive
1140 5347 1247 5419 praelati
1263 5344 1478 5417 procurationes
1501 5343 1536 5400 ab
1551 5344 1678 5416 ipsorum
1702 5344 1794 5401 domi·

1034 5436 1098 5505 hus,
1121 5451 1185 5507 quae
1198 5434 1362 5491 visitatione
1385 5446 1443 5489 non
1463 5430 1603 5505 indigent,
1626 5439 1795 5503 extorquere

1037 5530 1220 5597 presumant.

1039 5641 1218 5713 Honorius,
1238 5640 1314 5711 eta,
1336 5639 1465 5701 dilectis
1480 5639 1609 5700 filiis...
1633 5636 1743 5699 abbati
1763 5637 1797 5701 et
