4217 6400
786 315 1018 379 EPISTOLAE.
1039 314 1119 378 nis.
1140 316 1183 377 X·
1511 349 1516 356 ·
1761 315 1804 380 22
1854 351 1859 358 ·

491 487 620 576 XCIII
1007 476 1151 538 aliorum
1177 474 1330 543 fratrum,
1350 474 1403 536 rel
1423 473 1570 536 sanioris
1588 474 1707 552 partis,
1730 490 1802 538 cae.

1007 574 1083 634 dem
1095 572 1224 635 cellulae
1235 574 1355 650 cuique
1367 572 1701 648 iueriutassiguatae..

236 653 289 714 Ad
300 652 458 725 priorem
472 651 506 712 et
520 651 652 723 fratres
671 649 871 710 Hercmtios

377 748 547 808 dcldoute
563 749 730 809 Cornucio.
1321 733 1400 794 Cur.
1423 733 1481 794 lli.

422 887 588 961 sojanuafu
605 885 683 943 luit.
1046 863 1231 925 Necliceat
1256 863 1359 924 alicui
1384 863 1536 936 fratrum,
1562 865 1628 926 nisi
1643 865 1803 927 delicen-

1004 962 1052 1024 tia
1065 961 1201 1038 prioris,
1214 961 1272 1038 qui
1285 977 1345 1038 pro
1361 962 1508 1038 tempore
1531 961 1633 1025 luerit
1657 963 1802 1040 deputa-

1004 1057 1069 1131 tus,
1092 1059 1158 1119 sibi
1177 1059 1288 1120 locum
1307 1059 1451 1131 mutare,
1472 1059 1526 1120 uel
1550 1076 1626 1120 rum
1639 1061 1800 1138 elioper-

155 1137 333 1212 Apprcbatio
351 1137 459 1210 regulo
477 1135 584 1194 ordinis
599 1134 717 1194 fratrum
740 1133 950 1206 Heremitarum
1005 1158 1148 1219 mutare·

297 1225 389 1284 besica
402 1225 498 1284 llariae
513 1223 809 1284 dellunteCarmelo.
1326 1237 1404 1298 cup,
1426 1238 1481 1298 IV.

381 1011 459 1076 [Bull.
470 1011 554 1069 Rom„
567 1011 610 1068 ΙΙΙ,
623 1025 640 1068 l,
652 1007 720 1074 ΙΙΙ]

194 1345 949 1428 H0¹¹0li¹1⁸0P18001211⁸⁹S⁰¹V¹¹⁸³0W⁰P¹¹¹¹¹D⁰ir
1046 1368 1173 1429 Cellnla
1189 1369 1312 1445 prioris
1336 1367 1380 1430 sit
1403 1367 1501 1444 Juxta
1529 1367 1701 1429 introitum
1722 1368 1799 1441 loci,

155 1447 287 1510 dilectis
301 1448 382 1509 illiis
396 1447 512 1524 priori,
533 1448 567 1509 ct
589 1446 749 1508 iratribus
772 1444 951 1506 Heremitis
1006 1466 1042 1528 ut
1069 1466 1281 1527 semmua,
1306 1466 1348 1528 ad
1371 1465 1524 1527 eumdem
1545 1465 1654 1526 locum
1674 1466 1802 1544 primus

155 1546 196 1607 de
211 1547 324 1607 Monte
338 1545 500 1617 carmelo,
515 1545 656 1606 salutem
670 1545 703 1605 θῑ
726 1542 952 1621 ᾸΡΟΙΙΟΠΜΠῙ
1006 1565 1159 1624 occurrat
1176 1583 1183 1624 ε
1201 1564 1233 1624 et
1245 1563 1288 1624 dc
1306 1563 1456 1635 arbitrie,
1474 1564 1507 1624 et
1521 1562 1739 1639 dispositione
1749 1564 1803 1641 ip·

154 1643 431 1704 benedicilossem·
1006 1661 1088 1732 sius,
1104 1661 1312 1738 postmodum
1326 1676 1400 1739 quaa
1419 1660 1549 1736 agenda
1569 1660 1657 1729 snut,
1682 1661 1803 1723 cuncta

196 1741 239 1801 Ut
253 1739 387 1800 vivendi
414 1755 576 1812 normam,
602 1738 802 1816 regulariter
823 1737 951 1799 abenas
1005 1758 1198 1836 procedant,

154 1835 324 1896 memoriae
344 1835 649 1910 Hierosolymitano
663 1833 854 1910 patriarcha
878 1831 951 1892 odi-
1330 1856 1412 1916 eff·
1437 1857 1477 1918 v·

153 1933 233 2002 tam
249 1946 347 2008 quam
362 1931 438 1992 aute
452 1931 610 2006 generale
625 1930 810 1991 Concilium
824 1943 883 1991 ros
899 1928 951 1988 di-

155 2030 230 2090 citis
249 2028 419 2089 humiliter
440 2029 640 2104 suscepisse,
660 2029 695 2088 in
708 2028 876 2104 posterum
889 2041 950 2087 uos
1045 1987 1205 2049 Maneant
1217 1985 1342 2063 Singuli
1352 1987 1387 2046 in
1401 1986 1533 2048 munus
1543 1985 1625 2056 Μ’
1638 1987 1692 2049 *⁰¹
1703 1987 1802 2063 jum

155 2127 188 2188 θῇ
198 2141 408 2186 successores
422 2126 537 2197 vestri,
554 2125 713 2202 quantum
732 2139 807 2185 cum
822 2124 882 2184 Dei
896 2123 951 2183 ἃᾶ,
1004 2101 1074 2156 eas,
1084 2085 1138 2145 die
1151 2101 1190 2145 ac
1202 2088 1299 2146 nocte
1311 2085 1348 2144 in
1362 2084 1435 2159 lege
1447 2084 1578 2144 Domini
1590 2084 1800 2156 meditantes,

1005 2184 1037 2244 et
1052 2181 1259 2242 orationibus
1272 2181 1342 2242 suis
1353 2179 1543 2256 vigilantes,
1560 2181 1627 2242 nisi
1639 2181 1716 2242 aliis
1726 2183 1802 2258 jns-

150 2223 277 2300 jutorio
289 2217 450 2300 poteritis,
462 2221 656 2294 observetis,
668 2223 703 2282 in
718 2222 950 2283 remissionem
1021 2279 1027 2292 ,
1158 2279 1165 2292 ,
1216 2279 1223 2291 ,

1004 2281 1048 2340 trs
1057 2277 1288 2341 occasionibus
1301 2279 1515 2355 occupentur.

153 2320 249 2383 vobis
263 2320 469 2398 injungimus
481 2319 704 2396 peccatorum.

194 2417 313 2479 Datum
335 2419 449 2490 Reate,
476 2418 577 2478 tertio
600 2416 762 2478 kalendas
776 2415 949 2488 februarii,
1326 2448 1405 2509 CAP-
1420 2449 1476 2509 η

154 2513 366 2592 pontificatus
381 2515 485 2576 nostri
498 2530 586 2576 anno
602 2514 742 2575 decimo.

1044 2580 1098 2652 lli,
1115 2580 1172 2657 qni
1187 2580 1315 2642 litteras
1335 2579 1509 2651 noverunt,
1530 2577 1564 2640 et
1584 2579 1696 2653 legere
1711 2580 1803 2656 psal·

1004 2693 1087 2746 mos,
1101 2693 1161 2754 per
1175 2677 1325 2752 singulas
1347 2678 1448 2738 horas
1463 2692 1521 2738 ecs
1545 2676 1667 2748 dicant,
1691 2677 1803 2754 quiex

1005 2775 1213 2835 institutione
1226 2777 1417 2834 sauctorum
1435 2775 1577 2850 patrum,
1594 2776 1627 2836 et
1641 2774 1800 2836 Ecclesiae

193 2869 552 2946 Albertns,Deigralia
568 2869 878 2946 Hierosolymitanae
894 2883 950 2928 ec-
980 2875 981 2878 ’
1005 2871 1186 2948 approbata
1202 2870 1442 2932 consuetudine
1462 2870 1504 2930 ad
1527 2869 1628 2930 horas
1651 2870 1801 2946 singulas

155 2967 268 3029 clesiae
310 2970 447 3029 vocatus
485 2967 695 3046 patriarcha,
740 2964 868 3027 dilectis
913 2964 949 3026 in
1004 2971 1081 3030 sunt
1102 2968 1260 3044 deputati.
1278 2967 1340 3040 Qui
1358 2983 1439 3028 vero
1454 2966 1584 3028 litteras
1606 2983 1673 3028 non
1698 2983 1802 3028 nove·

155 3065 285 3128 Christo
296 3063 385 3137 filiis,
398 3065 564 3126 Brocardo
576 3063 946 3133 etcaeterislleremitis,
1004 3066 1093 3133 runt.
1108 3066 1228 3142 uiginti
1250 3065 1395 3142 quinque
1418 3063 1549 3126 vicibus
1566 3064 1679 3127 dicant
1693 3066 1803 3126 Pater

207 2715 345 2788 Reproloe
355 2713 534 2786 praeotctae
550 2713 651 2772 terior
663 2708 893 2783 subsequitur.

157 3162 214 3239 qui
239 3162 298 3223 snb
326 3165 398 3239 eJus
423 3161 610 3224 obedientia
636 3163 734 3238 juxta
759 3161 891 3232 sontem,
913 3160 949 3221 in
1004 3165 1134 3238 noster,
1156 3163 1192 3225 iu
1213 3161 1387 3225 nocturnis
1402 3161 1539 3239 uigiliis.
1562 3161 1716 3239 Exceptis
1731 3164 1801 3224 Do-

155 3260 267 3321 Monte
296 3260 438 3320 Carmeli
465 3259 948 3331 morantur,salutemin1)0-
1005 3261 1137 3322 minicis
1159 3262 1193 3323 et
1216 3259 1419 3323 solemnibus
1446 3259 1573 3331 diebus,
1604 3259 1802 3337 inquorum
1901 3260 1906 3267 ’

154 3357 257 3429 minc,
272 3359 305 3419 et
315 3356 429 3418 Sancti
446 3356 589 3432 Spiritus
604 3354 878 3417 benedictionem.
1004 3359 1130 3435 vigiliis
1144 3358 1337 3435 praedictum
1350 3374 1535 3429 nnmerum,
1548 3356 1723 3419 statuimus
1736 3358 1802 3419 du-

194 3454 386 3527 Multiierie,
410 3454 588 3531 multisque
621 3454 729 3514 modis
754 3454 860 3513 sancti
885 3468 948 3529 pa·
1005 3455 1134 3532 plicari,
1168 3456 1206 3517 nt
1231 3454 1362 3516 dicatur
1388 3456 1500 3516 Pater
1525 3454 1646 3515 cremer
1672 3453 1803 3515 vicibus

154 3554 221 3613 tres
232 3552 460 3623 instituerunt,
477 3552 622 3628 qualiter
638 3551 779 3629 quisque
801 3550 836 3609 in
862 3565 949 3626 quo-
1005 3553 1257 3631 quinquaginta.
1276 3552 1405 3628 Septies
1418 3552 1528 3613 autem
1541 3551 1656 3613 eadem
1672 3551 1802 3614 dicatur

154 3664 294 3725 cumque
308 3648 424 3709 ordine
437 3649 547 3719 inerit,
560 3647 612 3710 vel
624 3663 863 3725 quemcumque
878 3662 950 3708 mo-
1005 3650 1113 3712 oratio
1124 3651 1160 3709 iu
1173 3649 1328 3710 laudibus
1341 3650 1523 3710 matutinis
1536 3651 1574 3709 In
1583 3648 1660 3709 aliis
1671 3664 1802 3726 quoque

154 3745 232 3805 dum
260 3744 426 3819 religiosae
450 3744 528 3805 vitae
552 3744 702 3820 elegerit,
727 3744 761 3804 in
790 3742 950 3820 obsequio
1005 3748 1100 3809 horis
1113 3747 1238 3823 septies
1251 3746 1408 3806 similiter
1421 3745 1539 3805 eadem
1558 3744 1730 3821 sigillatim
1745 3744 1800 3805 di-

152 3844 232 3903 Jesu
248 3840 371 3902 Christi
386 3841 497 3902 Vivere
513 3840 641 3912 debeat,
660 3841 692 3901 ei
715 3840 822 3901 eidem
839 3838 949 3901 fideli·
1005 3846 1101 3907 catur
1122 3844 1230 3905 oratio
1248 3844 1394 3921 :praeter
1417 3840 1528 3903 cilicia
1546 3841 1748 3918 vespertina,
1765 3842 1802 3903 iu

153 3938 260 3999 tarde
275 3938 373 3999 corde
389 3954 484 4015 puro,
508 3938 541 3999 et
554 3938 640 3999 bona
663 3938 866 3999 conscientia
891 3937 950 3999 de-
1006 3942 1124 4019 quibus
1138 3942 1247 4018 ipsam
1260 3941 1451 4019 quindecies
1466 3940 1578 4001 dicere
1590 3938 1750 4001 debeatis.

155 4035 293 4095 servire.
310 4038 433 4094 Verum
449 4035 526 4111 qnia
552 4036 722 4111 requiritis
747 4052 764 4095 a
793 4034 899 4107 nobie,
915 4034 951 4096 ut

150 4132 249 4207 juxta
264 4132 468 4207 propositum
484 4131 643 4202 uestrum,
670 4132 841 4191 tradamus
856 4132 950 4193 vobis
1316 4110 1394 4170 CAP-
1415 4110 1486 4171 VH·

153 4230 232 4289 vilae
254 4229 441 4299 s0rm1113m2
466 4244 563 4305 duam
587 4228 700 4289 ’ῑθῦθΐθ
723 4229 756 4287 ῙΠ
781 4232 950 4303 POStffl'llm
1044 4245 1165 4305 Nullus
1191 4243 1331 4305 fratrum
1360 4240 1424 4300 sibi
1452 4240 1542 4301 dicat
1574 4240 1701 4317 aliquid
1727 4258 1803 4303 esse

155 4324 303 4387 debeatis
322 4346 330 4385 2
1005 4342 1176 4417 proprium
1194 4360 1202 4399 ε
1218 4338 1276 4399 sed
1292 4338 1460 4400 sintvobis
1473 4338 1583 4398 omnia
1600 4340 1800 4399 communia.

492 4424 569 4483 CAP·
585 4425 609 4483 1·
1005 4440 1044 4499 Et
1059 4454 1102 4497 ex
1116 4436 1180 4508 his,
1197 4435 1378 4514 quaevobis
1398 4436 1558 4497 Dominus
1574 4435 1713 4507 dederit,
1730 4434 1802 4495 dis-

194 4554 278 4614 lllud
303 4554 477 4631 inprimis
503 4556 693 4627 statuimus,
719 4556 756 4617 nt
780 4570 883 4615 unum
907 4570 950 4616 ex
1004 4532 1364 4609 tribuaturunicui(11¹8
1383 4548 1442 4609 per
1463 4548 1598 4592 manum
1619 4530 1801 4608 Pliffl'isssid

153 4651 249 4713 vohjs
276 4650 427 4713 habeatis
455 4653 613 4729 prim-em,
645 4655 702 4730 quq
730 4670 774 4715 ex
799 4654 949 4713 unanimi
1003 4636 1067 4704 est,
1086 4631 1327 4708 perhuminem
1353 4629 1395 4691 ab
1416 4646 1456 4690 eo
1478 4629 1520 4689 ad
1542 4629 1630 4690 idem
1654 4629 1800 4690 oldcium

155 4750 301 4810 omnium
330 4766 481 4822 assensn,
511 4750 565 4811 vel
589 4752 724 4827 majoris
749 4751 782 4812 et
805 4752 949 4811 sanioris
1004 4730 1208 4807 deputatum,
1239 4728 1336 4803 prout
1367 4727 1546 4805 unicuique
1581 4743 1662 4803 0908
1686 4726 1797 4797 fuerit»

154 4846 270 4922 partis,
288 4846 329 4906 aq
344 4847 407 4907 1100
434 4848 582 4909 officium
607 4848 762 4923 eligatur,
793 4848 846 4908 cui
869 4848 950 4909 obe·
1004 4828 1162 4905 inspectis
1185 4825 1340 4887 aetatibus
1361 4827 1394 4886 et
1414 4823 1669 4885 necessitatibus
1684 4824 1801 4899 singu·

154 4943 313 5004 dientiam
325 4945 495 5019 promittat
505 4946 644 5021 quilibet
657 4947 810 5017 aliorum,
826 4948 859 5007 et
871 4961 952 5022 prn-
1004 4927 1122 4987 ῙΟΓΙΙΠΙ·
1147 4925 1196 4984 Ita
1211 4925 1333 4994 tamffllr
1350 4924 1387 4983 ut
1406 4922 1493 4982 Sicut
1514 4920 1721 4997 praemissum
1736 4924 1800 4995 est,

153 5041 293 5101 missam
315 5042 446 5103 studeat
457 5044 567 5119 operi„
580 5044 720 5105 veritate
732 5060 878 5105 servare,
1004 5024 1038 5083 in
1051 5022 1219 5099 deputatis
1232 5020 1363 5081 cellulis
1380 5018 1504 5095 singuli
1517 5019 1684 5091 maneant,
1703 5022 1736 5082 et
1755 5034 1800 5081 ex

1004 5122 1070 5192 liis,
1086 5136 1159 5197 quae
1182 5117 1246 5178 sibi
1267 5117 1446 5179 distributa
1463 5116 1601 5188 luerint,
1617 5117 1799 5193 singulari-

484 5204 562 5263 Cur.
587 5204 628 5263 ΙΙ.
1003 5218 1057 5278 ter
1070 5217 1196 5279 uiuant.

195 5334 361 5395 Praeterea
373 5335 470 5411 J'uxta
487 5335 585 5396 situm
601 5335 677 5403 loci,
698 5350 795 5411 quem
810 5334 947 5395 inhabi-
1311 5294 1390 5354 CAP·
1406 5292 1493 5353 vm·

152 5434 225 5492 tare
241 5433 490 5507 proposueritis
519 5432 642 5505 singuli
666 5434 812 5493 vestrum
833 5434 949 5507 singu·
1043 5428 1244 5497 oratorium,
1263 5428 1362 5503 prout
1376 5426 1580 5486 commodius
1604 5425 1678 5486 lieri
1700 5427 1798 5501 pote-

153 5528 205 5589 las
230 5528 374 5589 habeant
403 5528 540 5589 cellulas
572 5531 756 5605 separatas,
781 5530 866 5590 sicut
891 5546 949 5605 per
1003 5528 1058 5596 rit,
1082 5525 1295 5587 construatur
1314 5523 1351 5583 in
1374 5522 1484 5585 medio
1508 5522 1716 5593 cellularum,
1744 5522 1799 5584 ubi

154 5624 404 5701 dispositionem
424 5626 548 5703 prioris
571 5626 689 5703 ipsius,
707 5626 792 5688 etde
809 5642 948 5688 assensu
1003 5639 1101 5686 mane
1114 5638 1174 5699 per
1187 5621 1339 5698 singulos
1352 5620 1423 5683 dies
1438 5620 1478 5681 ad
1494 5619 1665 5682 audienda
1675 5619 1798 5683 missa-
