4217 6400
170 296 216 356 37.
799 287 1028 350 EPlSTOLAE·
1052 286 1131 354 LIB·
1154 288 1195 346 X.
1774 291 1813 350 38

171 447 608 538 11161166,6661611161611111
624 448 837 524 praesentium
853 447 966 508 indul-

1021 446 1194 508 caritatem
1223 448 1314 506 tuam
1345 446 1455 509 debita
1482 449 1713 525 prosequimur
1736 466 1816 525 gra-

171 566 286 626 gemus
313 549 358 618 ut,
383 546 568 608 terminatis
588 546 698 605 causis
721 544 967 620 abApostolica
1007 545 1143 604 11611111
1172 544 1312 603 actione.
1339 547 1461 604 Verum
1499 545 1613 605 fideles
1639 547 1815 622 religionis

169 647 231 708 tibi
248 645 331 706 Sede
341 644 538 713 commissis,
550 658 609 719 per
625 642 876 703 commissiones
888 657 967 700 nos-

170 748 253 811 tras,
268 758 350 820 quas
366 741 406 801 de
428 742 548 802 caetero
563 740 603 800 ad
618 741 651 802 te
666 739 838 814 impetrari
859 738 968 798 661111-

171 842 267 916 gerit,
285 856 352 901 non
366 839 512 901 tenearis
530 837 720 915 procedere,
731 836 796 896 nisi
811 835 851 895 116
861 835 968 895 indul-

171 938 283 1013 gentia
301 936 492 1013 hujusmodi
510 935 627 996 fecerit
644 932 856 995 mentionem.
873 931 967 992 Nulli

173 1035 396 1111 ergoomnino
411 1033 583 1094 bominum
599 1033 699 1092 liceat
711 1032 798 1092 hano
811 1029 966 1107 paginam

172 1135 295 1194 nostrae
311 1130 536 1192 concessionis
547 1128 741 1204 infringere,
758 1128 813 1191 vel
832 1129 864 1187 61
883 1143 967 1187 ausu

172 1229 353 1290 temerario
368 1229 546 1289 contraire.
565 1228 600 1288 Si
623 1227 696 1303 quis
712 1227 822 1288 autem
838 1225 901 1286 boc
916 1226 968 1285 at-

172 1327 302 1388 tentare
313 1325 574 1402 praesumpserit,
591 1325 854 1400 indignationem
865 1322 968 1382 omni-

172 1421 315 1497 potentis
339 1419 399 1480 Dei
427 1419 460 1480 et
489 1419 660 1480 beatorum
686 1419 776 1480 Petri
800 1419 833 1478 et
855 1417 962 1487 Pauli,

174 1518 399 1593 apostolorum
415 1519 498 1592 ejus,
525 1532 560 1576 se
587 1516 718 1576 noverit
738 1516 962 1578 incursurum.

174 1617 293 1675 Datum
308 1615 476 1681 Laterani,
490 1615 521 1672 X
535 1614 604 1674 hal.
621 1613 743 1686 martii,
755 1612 966 1689 pontificatus

174 1711 280 1772 nostri
296 1726 383 1772 anno
401 1711 541 1772 decimo.

528 1939 614 2026 dlv

174 2093 225 2152 Ad
233 2093 449 2160 liudericum,
457 2087 965 2163 61611161166616111616166166.

424 2229 460 2286 20
479 2227 613 2285 februarii
632 2229 711 2285 litt.

282 2349 420 2414 [Sharalaa,
432 2351 528 2400 Bnllar.
540 2351 675 2408 francisc„
689 2351 708 2408 l,
721 2347 859 2413 111161]

173 2479 213 2535 tit
227 2474 329 2534 fratres
342 2475 449 2534 ordinis
464 2475 699 2544 predicatorum,
723 2481 752 2532 61
770 2474 911 2532 Minorem
934 2471 968 2528 ad

209 2580 331 2638 regnum
356 2564 525 2624 llliramoliui
547 2578 597 2634 pro
620 2562 676 2619 fulc
698 2561 800 2620 Christi
815 2559 967 2628 servanda,

210 2660 238 2710 61
261 2652 405 2710 dilatanda
427 2651 569 2708 destinare
588 2657 683 2720 curct3
708 2656 736 2706 ct
756 2650 779 2705 si
801 2647 968 2722 expedierit,

209 2741 294 2797 etiarn
305 2755 339 2795 ox
353 2740 406 2795 illis
416 2740 592 2812 episcopum,
608 2739 651 2793 vcl
666 2737 738 2793 duos
753 2737 791 2792 ihi
805 2736 967 2792 constituat.

214 2882 381 2943 Honorius
392 2881 579 2957 episcopus,
590 2895 706 2942 servus
715 2893 887 2940 servorum
896 2879 967 2948 Del,

174 2977 360 3042 venerabili
375 2977 510 3040 fratri..
526 2978 779 3054 archiepiscopo
795 2977 966 3045 Toletano,

174 3077 313 3137 salutem
327 3075 360 3136 et
373 3075 597 3151 apostolicam
611 3074 888 3134 benedictionem.

215 3173 359 3249 Urgente
374 3172 476 3234 officii
491 3172 597 3233 nostri
612 3170 732 3239 debito,
755 3187 820 3247 qno
840 3169 969 3246 sapien-

174 3270 273 3341 tibus,
291 3272 324 3331 et
337 3268 582 3345 insipientibus,
600 3267 752 3327 fidelibus
772 3268 805 3328 et
824 3267 969 3327 infideli-

174 3367 235 3427 bus
251 3366 415 3427 eftlcimur
429 3362 605 3437 debitores,
623 3363 746 3423 dudum
765 3362 968 3424 fraternitati

174 3465 240 3523 tuae
256 3463 405 3523 dedimus
419 3464 455 3522 in
471 3461 647 3531 mandatis,
666 3460 701 3520 111
723 3476 797 3520 oum
815 3460 850 3519 in
865 3475 968 3534 regno

175 3560 379 3620 bliramolini
393 3560 505 3635 plures
518 3558 692 3619 christiani
707 3556 829 3633 captivi
841 3557 968 3616 terrore

175 3672 359 3733 poenarum,
377 3657 410 3717 et
431 3656 545 3716 mortis
568 3656 774 3732 apostotasse
797 3654 966 3727 dicantur;

174 3754 256 3829 quin
279 3752 380 3813 etiam
399 3752 627 3827 pusillanimes
656 3752 691 3811 in
716 3751 779 3810 fide
812 3752 968 3812 nutantes

76 3930 80 3939 Ι
175 3852 217 3913 ad
233 3850 453 3926 praecipitium
470 3850 582 3910 essent
598 3848 712 3925 proni;
734 3848 863 3924 aliquos
878 3848 968 3908 viros

175 3947 353 4025 prudentes
377 3962 420 4007 ex
441 3946 601 4008 tratribus
625 3945 914 4017 praedicatoribus,
936 3947 969 4006 et

175 4042 332 4104 iratribus
348 4042 531 4103 Minoribus
547 4042 628 4102 illuc
643 4042 840 4102 auctoritate
854 4044 968 4103 nostra

175 4141 418 4202 transmitteres
443 4138 484 4199 ad
510 4138 769 4199 convertendum
794 4138 965 4209 infideles,

176 4238 290 4297 divina
319 4237 428 4312 gratia
454 4235 646 4312 praeeunte,
675 4234 967 4311 praedicationibus

176 4335 209 4396 et
230 4334 391 4411 exemplis
420 4333 614 4407 erigendum
633 4332 809 4407 collapsos,
835 4332 969 4391 confor-

174 4432 313 4493 tandum
328 4430 456 4503 dubios,
474 4429 506 4490 et
521 4429 782 4490 confirmandum
803 4428 965 4489 robustos.

174 4528 366 4605 Adjeoimus
389 4528 546 4603 insuper,
575 4528 610 4587 ut
643 4527 787 4602 aliquem
815 4542 859 4586 ax
886 4526 967 4603 ipsis

174 4624 334 4686 fratribus
354 4624 551 4687 auctoritate
575 4624 764 4699 Apostolica
784 4624 819 4683 in
838 4623 969 4699 episco-

176 4738 254 4799 pum
282 4736 516 4793 consecrares,
542 4722 599 4797 qui
621 4720 811 4796 pontificale
845 4719 967 4781 ibidem

176 4816 722 4893 6116161616166161,1161116166
741 4817 874 4878 illarum
890 4833 969 4893 par-

175 4916 258 4976 tium
278 4930 298 4975 a
320 4917 491 4990 tempore,
512 4928 575 4990 quo
591 4930 658 4974 non
672 4915 781 4975 exstat
793 4914 964 4974 memoria.

176 5012 365 5071 caruerunt.
396 5010 490 5070 Unde
516 5011 563 5081 tu,
596 5010 632 5071 ut
657 5008 793 5071 devotus
816 5010 967 5071 eccleslae

176 5108 283 5179 filius,
317 5107 493 5182 diligenter
524 5104 715 5168 mandatum
741 5108 967 5181 apostolicum

176 5204 373 5281 peremnia
400 5203 537 5279 exsequi
565 5202 745 5274 curavisti,
780 5217 880 5279 super
903 5219 968 5280 quo

1021 640 1132 711 illius,
1164 642 1200 701 ut
1231 641 1379 700 veridica
1411 642 1574 703 relatione
1606 644 1813 720 accepimus,

1021 738 1113 798 tanto
1131 739 1265 813 propter
1286 738 1349 798 hoc
1369 740 1516 815 tripudio
1537 740 1747 810 exultarunt,
1775 758 1815 802 ac

1022 833 1050 893 si
1072 849 1178 894 novus
1205 834 1254 894 eis
1275 834 1409 894 Lucifer
1435 836 1618 908 illuxisset,
1646 838 1815 914 multaque

1022 931 1210 1008 spiritualia
1225 930 1387 992 beneficia
1400 947 1459 1008 per
1472 934 1673 1011 episcopum,
1692 938 1724 996 et
1741 935 1813 995 116-

1021 1029 1090 1090 1166
1116 1029 1292 1105 1166116166
1314 1029 1428 1090 divina
1457 1030 1590 1092 favente
1615 1033 1723 1107 gratia
1748 1037 1815 1094 tam

1021 1126 1115 1202 ipsis,
1135 1142 1232 1202 quarn
1249 1126 1326 1186 aliis
1341 1128 1566 1204 provenerint,
1588 1129 1709 1206 dequo
1727 1147 1816 1205 gau-

1023 1222 1137 1284 demus
1160 1223 1338 1300 plurimnm
1360 1224 1395 1284 in
1422 1226 1573 1298 Domine,
1596 1227 1629 1287 et
1652 1226 1815 1288 laetamur.

1024 1321 1111 1381 Sane
1132 1337 1206 1381 cum
1226 1321 1389 1382 christani
1408 1337 1467 1397 per
1484 1323 1627 1395 diversa,
1645 1328 1678 1386 61
1690 1329 1817 1387 remota

1022 1417 1096 1477 loca
1114 1418 1205 1478 illius
1224 1419 1331 1494 regni,
1354 1420 1440 1494 quod
1462 1424 1563 1481 vastae
1587 1422 1817 1498 amplitudinis

1021 1530 1096 1574 esse
1105 1515 1314 1587 describitur,
1325 1515 1446 1592 ubique
1456 1516 1596 1592 dispersi
1609 1535 1675 1579 non
1689 1521 1817 1596 possint

1022 1611 1063 1672 ab
1079 1628 1144 1673 uno
1161 1613 1327 1690 episcopo,
1338 1615 1491 1690 etpaucis
1503 1615 1661 1676 fratribus
1671 1617 1815 1688 visitari,

1023 1711 1218 1787 praesertim,
1235 1713 1370 1788 propter
1393 1711 1559 1773 feritatem
1581 1715 1690 1789 gentis
1712 1717 1816 1784 illius,

1023 1807 1818 1887 quaecrudelitatenimiapersequiturchristiani

1023 1902 1167 1963 nominis
1183 1904 1408 1978 professores,
1426 1907 1460 1966 et
1477 1905 1598 1967 1161166
1618 1908 1717 1968 etiam
1731 1911 1820 1971 inter

1023 2001 1136 2062 hostes
1160 2002 1193 2060 61
1214 2001 1328 2061 rabias
1353 2003 1564 2064 saevientium
1594 2003 1818 2068 discurrentes

1023 2097 1245 2158 sacerdotalia
1260 2098 1465 2170 indumenta,
1480 2103 1514 2161 et
1532 2118 1613 2162 vasa
1631 2103 1817 2165 ministerio

1022 2194 1133 2256 dicata
1154 2210 1266 2256 secum
1286 2195 1418 2257 deferre
1444 2213 1511 2258 non
1537 2199 1672 2260 valeant
1694 2200 1819 2278 absque

1023 2291 1139 2352 mortis
1170 2291 1361 2354 discrimine
1388 2294 1584 2366 manifesto;
1615 2298 1817 2359 inevitabilis

1024 2389 1236 2450 necessitatis
1252 2391 1412 2451 articulus
1433 2393 1596 2454 instanter
1611 2397 1760 2472 exposcit
1785 2397 1817 2457 in

1024 2486 1086 2546 hoc
1113 2487 1245 2561 negotio
1270 2487 1494 2555 abundantius
1520 2491 1699 2565 provideri.
1730 2495 1819 2564 Quo-

1024 2583 1115 2642 circa
1129 2582 1329 2645 fraternitati
1340 2587 1406 2646 tuae
1420 2602 1479 2661 per
1492 2588 1682 2662 apostolica
1695 2591 1819 2666 scripta

1024 2679 1246 2755 praecipiendo
1267 2682 1480 2754 mariamne,
1507 2687 1670 2760 quatenus
1698 2687 1819 2748 fratres

1024 2776 1197 2853 utriusque
1227 2777 1354 2838 ordinis
1383 2781 1559 2854 providos,
1599 2785 1632 2843 et
1657 2783 1818 2846 discretos

1024 2873 1185 2934 zelatores
1203 2875 1401 2947 animarum,
1425 2879 1458 2938 et
1481 2877 1515 2936 in
1536 2879 1658 2941 Christi
1673 2883 1818 2943 nominis

1024 2968 1233 3030 confessione
1252 2973 1458 3044 6616161166,
1480 2975 1632 3050 quotiens
1648 2993 1730 3053 opus
1746 2980 1819 3039 iue-

1023 3067 1078 3139 111,
1094 3069 1127 3128 61
1148 3068 1345 3143 expedierit,
1361 3071 1402 3129 ad
1420 3071 1511 3130 illam
1532 3074 1737 3148 provinciam
1759 3093 1817 3152 prs

1025 3165 1092 3225 tam
1108 3167 1309 3237 necessario,
1333 3169 1366 3228 et
1387 3169 1564 3232 excellenti
1586 3187 1686 3248 opere
1710 3174 1816 3236 desti-

1023 3279 1106 3323 nare
1125 3279 1285 3342 procures
1301 3286 1308 3323 :
1326 3267 1358 3325 61
1379 3267 1423 3338 61,
1446 3270 1481 3328 111
1500 3268 1595 3327 nobis
1615 3272 1816 3345 suggeritur,

1023 3361 1310 3435 pernecessarium
1333 3378 1406 3422 esse
1428 3368 1635 3439 cognoveris,
1662 3372 1694 3428 et
1716 3384 1819 3445 expe·

1024 3457 1817 3538 diens,unumvelduosexipsismagiseruditos

1023 3555 1059 3613 in
1074 3554 1147 3629 lege
1163 3555 1305 3626 Domini,
1323 3557 1404 3617 etin
1421 3558 1543 3619 Christi
1560 3561 1736 3623 dilectione
1750 3564 1817 3624 161-

1023 3651 1138 3713 ventes
1162 3652 1197 3711 in
1220 3653 1394 3729 episcopos
1413 3653 1620 3729 consecrare,
1637 3674 1677 3718 ao
1704 3660 1745 3719 ad
1766 3661 1818 3721 di-

1022 3765 1121 3809 versa
1148 3749 1222 3810 loca
1247 3749 1382 3810 illarum
1408 3754 1552 3829 partium
1580 3755 1621 3814 ad
1645 3760 1817 3833 evangeli-

1022 3847 1174 3917 zandum,
1192 3848 1225 3907 et
1234 3846 1423 3923 pontificale
1436 3848 1581 3912 6111611111
1594 3856 1816 3917 exercendum

1022 3943 1057 4003 in
1073 3944 1236 4020 susceptae
1249 3947 1453 4020 paupertatis
1469 3946 1656 4012 humilitate
1671 3952 1816 4028 dirigere

1022 4041 1163 4117 poteris;
1198 4044 1298 4118 prout
1332 4042 1434 4103 fuerit
1460 4048 1699 4120 opportunum,
1732 4050 1816 4111 dans

1022 4138 1105 4215 ipsis
1123 4138 1265 4199 consilia
1285 4139 1448 4211 salubria,
1479 4143 1512 4202 61
1535 4142 1652 4204 salutis
1676 4147 1813 4221 monita,

1023 4236 1185 4311 quomodo
1210 4240 1306 4296 caute
1330 4236 1416 4311 apud
1444 4237 1522 4298 illos
1546 4241 1717 4303 ambulare
1744 4246 1816 4306 stu-

1023 4332 1133 4403 deant,
1146 4332 1203 4407 qui
1218 4332 1295 4393 sunt
1309 4332 1402 4401 16116,
1417 4350 1483 4395 non
1499 4340 1593 4413 quasi
1607 4340 1813 4416 insipientes,

1022 4428 1205 4496 indiscreti,
1221 4429 1254 4490 et
1273 4430 1471 4508 praecipites,
1495 4435 1553 4494 sed
1576 4438 1612 4496 ut
1635 4437 1813 4514 sapientes,

1023 4526 1163 4601 providi,
1180 4526 1213 4585 et
1239 4528 1372 4600 maturi,
1394 4529 1534 4606 tempus,
1560 4532 1596 4593 ut
1617 4534 1812 4610 expedierit,

1021 4622 1233 4692 redimentes,
1245 4624 1398 4686 omnibus
1411 4627 1522 4687 omnia
1539 4626 1618 4689 facti
1633 4633 1814 4694 secundum

1021 4720 1170 4795 Apostoli
1198 4721 1439 4795 magisterium,
1468 4725 1504 4783 ut
1532 4724 1661 4786 Christo
1691 4727 1813 4790 multos

1021 4816 1248 4887 lucrifaciant,
1277 4820 1311 4878 61
1334 4819 1477 4894 copiosae
1493 4822 1609 4880 messis
1635 4822 1813 4885 abundan-

1021 4914 1103 4973 tiam
1120 4912 1266 4975 inlerant
1292 4913 1423 4975 horreis
1447 4914 1634 4989 dominicis,
1651 4922 1814 4983 mercedis

1021 5010 1278 5071 immensitatem
1322 5026 1381 5087 pro
1423 5011 1547 5073 laboris
1582 5018 1813 5092 magnitudine

1021 5108 1230 5183 postmodum
1264 5108 1441 5184 recepturi.
1481 5111 1600 5172 Datum
1635 5116 1812 5188 Laterani,

1021 5206 1051 5263 X
1075 5204 1143 5264 kal.
1165 5204 1289 5272 martii,
1310 5220 1397 5265 anno
1419 5204 1559 5267 decimo.
1588 5210 1597 5227 ·
