4217 6400
308 271 341 330 11
459 245 461 249 ’
924 265 1102 328 nonoan
1123 267 1170 327 111
1190 266 1339 328 cerna.
1680 309 1692 327 ,
1911 267 1950 336 12'

306 431 417 490 autem
456 427 597 490 dilectus
626 429 715 490 filius
741 430 810 501 W„
842 427 1100 489 archidiaconus
1153 426 1299 488 maxime
1312 441 1388 488 cum
1401 427 1503 490 iidem
1517 430 1653 492 Fratres
1667 430 1850 507 Hospitalis
1859 430 1948 494 Hie-

306 527 561 592 Barri...suo‚et
568 526 797 602 procuratorio
806 526 1099 602 nominequorum·
1153 525 1384 600 rosolymitani
1408 525 1476 587 sint
1495 541 1615 588 cavere
1634 528 1845 604 paratiquod
1863 529 1949 590 nulli

307 624 382 684 darn
402 624 544 684 aliorum
573 624 613 684 de
641 623 787 700 capitulo
815 623 1029 698 Lingonensi,
1060 638 1100 682 ac
1153 637 1197 682 ex
1230 622 1293 683 boc
1323 623 1457 700 aliquod
1490 625 1722 700 praejudicium
1751 630 1945 701 generatur.

307 721 465 794 magister
492 721 609 781 domus
638 720 840 781 Morinensis
870 721 1099 796 comparentes
1154 720 1237 790 Quia
1252 737 1332 782 vero
1347 737 1448 798 super
1465 721 1518 782 bis
1542 721 1638 782 nobis
1659 739 1726 784 non
1749 725 1858 799 potuit
1871 723 1948 785 fleri

307 833 341 877 m
356 821 470 878 nostra
484 818 661 893 praesentia
684 833 869 894 proponere
884 819 1096 888 curaverunt,
1153 818 1251 893 plena
1267 817 1360 890 tides,
1372 818 1566 880 discretioni
1579 821 1700 880 vestrae
1723 836 1785 896 por
1804 822 1949 896 Aposto-

306 915 392 992 quod
410 915 534 976 eisdem
548 915 666 976 litteris
681 915 716 975 in
732 915 877 992 capitulo
893 914 1098 990 lingonensi
1152 915 1217 976 lica
1233 916 1357 992 scripta
1368 917 1564 979 mandamus
1579 919 1742 994 quatenus
1755 918 1785 978 si
1799 918 1947 980 nondum

304 1012 471 1088 perlectis,
499 1013 662 1088 praesente
678 1027 808 1088 quoque
830 1011 990 1086 magistro
1015 1011 1098 1070 Hie·
1152 1013 1280 1074 eisdem
1304 1013 1476 1074 Fratribus
1498 1013 1587 1076 facta
1614 1016 1665 1076 est
1685 1015 1727 1076 de
1752 1016 1849 1077 domo
1872 1016 1948 1092 ipsa

303 1109 535 1186 rosolymitani
564 1109 745 1186 Hospitalis
766 1109 801 1169 in
824 1109 980 1180 Francia,
996 1109 1098 1170 totius
1152 1111 1338 1182 concessio,
1364 1111 1422 1172 sed
1449 1126 1505 1172 res
1527 1112 1644 1173 existit
1668 1111 1778 1174 adbuc
1803 1112 1946 1189 integra,

304 1206 441 1282 capituli
456 1207 678 1282 Lingonensis
699 1221 838 1268 concors
859 1205 1013 1267 voluntas
1037 1221 1100 1267 ex·
1153 1209 1241 1268 sicut
1254 1208 1378 1269 dicitur
1391 1224 1434 1269 ex
1446 1209 1598 1281 adverso,
1611 1211 1645 1271 et
1657 1209 1737 1271 dicti
1755 1211 1943 1287 episcopus,

301 1305 379 1376 titit,
396 1307 429 1365 et
443 1304 623 1375 unanimis,
640 1304 725 1380 quod
738 1303 830 1365 nullo
845 1304 942 1365 modo
957 1319 1099 1364 conver*-
1152 1307 1186 1367 et
1201 1306 1383 1382 capitulum
1400 1321 1441 1368 ac
1466 1306 1628 1382 magister
1651 1309 1792 1382 possunt
1812 1307 1946 1370 domurn

301 1402 429 1463 teretur
442 1402 477 1462 in
493 1400 596 1461 aliurn
609 1401 759 1462 ordinem
770 1401 886 1462 domus
897 1402 968 1478 ipsa
979 1415 1099 1478 quam·
1152 1404 1301 1463 eamdem
1314 1403 1349 1464 in
1364 1419 1425 1464 suo
1440 1404 1560 1464 ordine
1568 1403 1764 1476 reformare,
1779 1420 1839 1466 ros
1858 1405 1892 1466 id
1905 1405 1947 1466 ab

302 1499 358 1558 diu
373 1499 515 1574 reperiri
528 1500 582 1558 ria
598 1499 719 1575 posset,
735 1513 906 1575 perquam
921 1499 956 1558 in
974 1499 1098 1559 statum
1152 1501 1202 1560 eis
1222 1500 1296 1560 tleri
1309 1501 1508 1563 auctoritate
1529 1503 1721 1578 apostolica
1745 1502 1946 1564 concedetis.

301 1595 429 1657 valeret
458 1595 602 1657 debitum
629 1595 816 1666 reformari,
841 1595 993 1672 pluribus
1018 1597 1098 1656 tunc

302 1709 345 1754 ex
369 1695 463 1771 parte
485 1693 601 1754 domus
629 1693 788 1770 eJ'usdem,
814 1694 849 1754 et
876 1693 1097 1768 Lingonensis

301 1791 452 1852 ecclesiae
464 1791 627 1866 allegatis,
644 1791 677 1852 et
697 1791 875 1866 propositis
896 1789 1095 1862 rationibus,

301 1888 475 1964 exquibus
489 1889 522 1948 id
538 1905 600 1948 nec
616 1888 688 1948 fleri
702 1889 844 1965 poterat,
861 1903 922 1950 nec
944 1887 1097 1956 debebat,

300 1986 389 2047 etob
402 1986 465 2048 lloc
485 1988 551 2047 tam
565 1986 711 2062 exparte
736 1985 852 2046 domus
874 1986 907 2045 et
932 1985 1096 2056 ecclesiae,

302 2099 400 2160 quam
429 2083 646 2159 quorumdam
675 2081 986 2142 archidiaconorum
1011 2083 1096 2142 Lin-

301 2181 511 2258 gonensium,
527 2179 799 2255 videlicetipsius
814 2181 868 2238 W.
883 2181 916 2240 et
932 2179 972 2240 de
988 2181 1098 2240 Bassi·

301 2279 423 2355 gelrie,
439 2293 579 2354 quorum
594 2275 1095 2352 diciturspecialiterinteresse,

300 2376 524 2454 appellatione
545 2373 720 2434 adsedem
740 2373 963 2449 apostolicam
985 2374 1095 2435 inter-

301 2474 420 2552 posita,
435 2488 477 2533 ne
497 2472 699 2533 memoratus
718 2471 894 2548 episcopus
920 2471 1097 2532 occasione

300 2571 449 2632 mandati
464 2569 571 2631 nostri
592 2583 693 2644 super
707 2568 770 2628 hoc
784 2567 911 2645 aliquid
937 2569 1095 2630 immuta-

300 2670 362 2731 ret.
391 2668 484 2729 Unde
506 2667 696 2743 intelligens
720 2665 807 2728 idem
838 2667 1013 2743 episcopus
1042 2681 1094 2738 ea,

300 2783 374 2844 quae
389 2782 500 2828 coram
515 2766 586 2842 ipso
602 2765 736 2826 fuerunt
759 2764 929 2842 proposita
951 2765 1019 2825 tam
1033 2779 1094 2824 ra-

299 2865 401 2936 tione,
427 2879 525 2941 quam
548 2864 689 2924 veritate
713 2861 849 2921 suffulta
875 2861 982 2922 noluit
1008 2861 1096 2922 ultra

302 2961 481 3038 procedere
513 2959 549 3020 in
577 2959 722 3033 negotio,
752 2957 810 3018 sed
843 2957 926 3017 illud
960 2955 1001 3016 ad
1033 2973 1095 3016 nos

302 3057 398 3119 duxit
411 3057 576 3131 integrum
589 3053 834 3125 remittendum,
847 3053 945 3130 prout
960 3053 996 3113 in
1011 3053 1098 3114 rela-

301 3155 393 3217 tione
409 3151 639 3217 continebatur
662 3151 757 3215 nobis
772 3151 933 3223 exhibita,
952 3167 1024 3229 quae
1042 3151 1097 3228 ip-

302 3254 372 3313 sius
387 3252 533 3328 episcopi
547 3250 691 3311 existere
716 3250 897 3311 dicebatur.
923 3249 1012 3309 Idem
1028 3250 1095 3310 ita-

301 3367 365 3428 que
380 3350 635 3411 archidiaconus
648 3348 754 3421 Burri,
767 3350 800 3409 et
815 3348 921 3408 dictus
937 3348 1097 3423 magister

301 3448 554 3525 appellationem
586 3447 825 3523 prosequentes
845 3444 995 3524 eamdem
1020 3461 1096 3505 cum

1152 1597 1243 1674 Quod
1273 1597 1303 1658 si
1329 1614 1396 1658 non
1431 1601 1571 1674 possunt
1601 1600 1644 1660 ad
1674 1597 1946 1660 reformationem

1151 1694 1353 1771 hujusmodi,
1390 1695 1506 1757 eadem
1538 1697 1736 1759 anctoritate
1765 1696 1946 1774 procedere

1151 1792 1347 1868 procuretis.
1363 1793 1399 1852 Si
1413 1809 1494 1854 vero
1507 1809 1562 1854 ros
1586 1794 1717 1869 integra
1731 1810 1799 1855 non
1818 1794 1944 1866 existit,

1151 1890 1277 1951 vocatis
1292 1891 1347 1966 qui
1361 1890 1486 1952 fuerint
1498 1892 1672 1962 evocandi,
1692 1891 1780 1968 quod
1805 1891 1947 1952 canoni·

1151 2003 1225 2046 cum
1236 1988 1338 2048 fuerit
1348 1988 1513 2049 statuatis.
1521 1991 1635 2050 Testes
1648 1989 1842 2060 autemetc.
1854 1989 1947 2059 Quod

1151 2084 1261 2145 sinon
1284 2099 1412 2152 omnes,
1437 2087 1499 2146 eto.
1516 2086 1636 2145 Datum
1656 2087 1772 2157 Reate,
1786 2088 1861 2148 XIV
1880 2085 1945 2146 lia-

1151 2180 1267 2241 lendas
1289 2181 1462 2253 februarii,
1488 2181 1700 2257 pontificatus
1725 2183 1832 2244 nostri
1856 2199 1946 2245 anno

1151 2278 1290 2340 decimo.

1437 2510 1652 2596 LXXXVII

1151 2661 1201 2719 Ad
1226 2661 1434 2734 episcopam,
1457 2663 1625 2722 Moestum
1647 2661 1681 2722 et
1706 2662 1945 2724 scholasticum

1427 2761 1671 2820 Tarracenses.

1413 2888 1447 2944 it
1463 2888 1589 2960 januarii
1603 2889 1682 2946 1226.

1192 3007 1313 3072 [Regeet.,
1322 3009 1369 3059 lib.
1383 3009 1416 3068 X,
1427 3025 1467 3074 ep.
1484 3011 1538 3060 163.
1553 3012 1611 3062 lise.
1624 3013 1661 3062 La
1670 3012 1748 3063 Porto
1758 3013 1794 3064 du
1804 3012 1897 3074 TbelL]

1150 3131 1265 3189 lfaodat
1276 3133 1319 3190 eis
1332 3140 1363 3190 ut
1376 3135 1513 3192 auritium
1522 3136 1677 3194 comitissas
1687 3136 1836 3208 Flanona,
1849 3137 1949 3194 adver·

1185 3237 1234 3279 sus
1252 3222 1391 3295 quosdam
1409 3228 1681 3296 excommunicatos,
1698 3222 1733 3283 ln
1754 3227 1884 3285 favorem
1896 3242 1943 3285 ec·

1184 3312 1279 3368 clestae
1294 3314 1390 3370 Sancti
1403 3313 1570 3383 audomari,
1584 3316 1744 3386 implerent.

1190 3448 1357 3508 Honorius
1369 3448 1555 3524 episcopus,
1566 3462 1681 3507 servus
1692 3462 1863 3507 servorum
1872 3450 1944 3523 Dei,

301 3545 406 3607 multa
429 3560 562 3622 precum
578 3545 737 3605 instantia
748 3544 969 3621 postularunt,
986 3545 1022 3604 ut
1035 3544 1095 3604 tali
1149 3544 1333 3605 venerabili
1355 3544 1502 3615 fratri...,
1519 3544 1674 3619 episcopo
1694 3544 1727 3605 et
1746 3543 1876 3606 dilectis
1900 3548 1945 3607 fl-

302 3644 418 3705 domus
436 3644 541 3721 ipsius
555 3643 736 3705 mutatione
749 3658 822 3719 quae
838 3643 973 3718 propter
983 3640 1098 3701 multi-

303 3744 406 3820 plices
428 3743 575 3803 rationes
597 3742 744 3802 dexterae
769 3741 902 3801 Excelsi
922 3754 988 3799 non
1009 3740 1098 3799 esset

303 3840 434 3917 penitus
447 3838 634 3903 interdicta,
649 3838 755 3897 eidem
769 3836 996 3896 inhiberemus
1006 3834 1098 3910 epis-

302 3951 384 4013 copo
399 3951 442 3995 ne
457 3934 599 4009 amplius
615 3932 733 3993 debeat
746 3932 787 3992 ad
810 3948 883 3993 eam
910 3932 1096 3991 faciendam

302 4033 486 4105 intendere,
501 4032 557 4092 sed
574 4030 614 4092 ad
628 4030 898 4091 reformationem
912 4029 1097 4104 domuspo-

302 4132 370 4193 tlns
385 4130 447 4191 sibi
460 4131 573 4206 utique
585 4144 652 4189 non
666 4127 836 4188 difficilem
850 4126 1022 4204 paternam
1034 4126 1098 4185 sol-

303 4229 509 4291 licitudinem
523 4225 693 4287 adbibere.
703 4226 845 4287 Econtra
857 4240 937 4285 vero
948 4240 990 4285 ex
1003 4226 1098 4300 parte

304 4329 457 4389 Fratrum
491 4324 784 4400 Hierosolymitani
820 4322 1002 4399 Hospitalis
1036 4320 1098 4382 fuit

302 4425 507 4503 propositum
524 4436 635 4483 coram
650 4420 754 4491 nobis,
781 4421 866 4497 quod
891 4420 931 4479 de
956 4434 1097 4480 conces-

304 4526 399 4584 sione
414 4520 645 4599 praenominati
661 4518 843 4595 episcopi...
873 4518 991 4577 deoani
1017 4517 1099 4576 Lin-

303 4620 472 4697 gonensiS,
507 4621 541 4679 et
573 4619 727 4679 Fratrum
763 4616 880 4675 domus
918 4615 1097 4675 Mormonti

303 4719 423 4789 extitit,
439 4718 471 4779 et
483 4730 636 4786 assensu,
652 4713 737 4791 quod
750 4714 785 4773 in
799 4712 947 4773 ordinem
972 4712 1096 4771 Hiero-

304 4814 494 4893 solymitani
510 4812 692 4890 Hospitalis
708 4811 958 4871 converteretur
981 4808 1098 4868 domus

303 4906 1099 4990 praedicta,superquoetiamconfectaedicuntur

304 5014 424 5074 litterae
438 5012 478 5072 ab
494 5012 649 5087 episcopo
665 5009 857 5079 memorato,
869 5006 925 5083 qui
940 5022 1013 5066 oum
1026 5005 1099 5081 ple·

304 5126 379 5171 nam
391 5111 425 5169 ln
441 5109 537 5169 domo
549 5109 620 5183 ipsa
630 5106 898 5183 jurisdictionem
909 5103 1039 5173 lrabeat,
1052 5103 1096 5163 ita

304 5200 1098 5285 quodirrequisitoLingonensicapitulo,etaliis

304 5306 411 5383 potest
424 5302 469 5364 ibi
478 5304 719 5372 reformare,ac
730 5300 908 5375 corrigere,
921 5298 1018 5374 prout
1028 5312 1099 5357 cor·

303 5402 473 5468 rectionis,
490 5403 523 5461 et
537 5398 782 5461 relonnationis
801 5398 850 5458 est
870 5396 1016 5457 officium
1031 5411 1097 5469 op-

305 5504 493 5577 portunum,
505 5501 576 5575 ejus
587 5498 769 5566 concessio,
783 5494 1011 5554 nonobstante
1023 5509 1099 5552 oon-

303 5596 501 5661 tradiotione
523 5596 709 5673 cujuslibet,
735 5594 829 5653 firma
851 5591 947 5653 debet
967 5590 1096 5659 baberi,

1150 3642 1255 3712 liis...,
1286 3640 1422 3711 decan0,
1446 3642 1480 3701 et
1504 3640 1704 3701 scholastico
1729 3644 1943 3717 fornacensi,

1151 3737 1291 3797 salutern
1306 3738 1338 3797 et
1352 3736 1576 3811 Apostolicam
1588 3737 1863 3800 benedictionem.

1189 3834 1334 3895 Dilectus
1348 3833 1476 3894 fliius...
1489 3836 1686 3912 praepositus
1703 3838 1815 3899 Sancti
1830 3838 1944 3899 Audo-

1151 3932 1321 3991 marisca
1349 3930 1446 3991 nobis
1477 3932 1702 3993 insinuatione
1735 3936 1941 4007 monstravit,

1151 4028 1236 4105 quod
1260 4044 1335 4089 cnm
1355 4030 1434 4089 olim
1454 4031 1490 4090 Β.
1510 4028 1552 4090 de
1572 4032 1738 4103 Comines,
1752 4034 1784 4092 et
1804 4034 1840 4092 B.
1856 4030 1945 4092 filius

1151 4128 1222 4202 ejus
1243 4126 1377 4199 milites,
1401 4128 1594 4204 ecquidem
1617 4128 1674 4188 alii
1696 4128 1898 4189 Morinensis
1912 4130 1946 4191 et

1150 4226 1372 4284 'fornacensis
1395 4224 1574 4285 dioecesum
1601 4226 1760 4302 quosdam
1793 4226 1945 4287 homines

1151 4322 1301 4383 ecclesiae
1328 4338 1398 4383 snae
1423 4322 1587 4397 ceperint,
1604 4325 1638 4383 et
1660 4325 1761 4384 arctae
1785 4322 1945 4385 custodiae

1151 4420 1383 4495 manciparunt
1402 4434 1441 4478 ac
1463 4417 1547 4478 alias
1567 4418 1642 4491 sibi,
1660 4420 1693 4480 et
1706 4419 1814 4479 eidem
1829 4420 1946 4495 gravia

1151 4516 1326 4577 intulerint
1345 4516 1554 4587 detrimenta,
1575 4516 1648 4593 ipse
1669 4532 1770 4593 super
1787 4516 1840 4576 his
1865 4516 1944 4577 ad...

1151 4612 1312 4675 decanum
1328 4615 1601 4673 cameracensem
1615 4614 1647 4674 et
1659 4614 1850 4691 conjudices
1868 4630 1946 4675 suos

1151 4712 1358 4787 apostolicas
1382 4711 1510 4772 litteras
1529 4712 1767 4787 impetraverit,
1778 4712 1847 4788 qui,
1867 4712 1946 4772 eri-

1151 4811 1249 4883 gente
1275 4808 1409 4871 illorum
1441 4809 1660 4879 contumacia,
1678 4810 1949 4869 excommnnica-

1152 4908 1252 4967 tionis
1264 4907 1299 4966 in
1316 4923 1373 4967 eos
1388 4906 1584 4967 sententiam
1598 4908 1861 4983 promulgarunt.
1878 4908 1948 4983 lpsi

1153 5020 1231 5065 vero
1246 5020 1319 5063 cum
1335 5020 1378 5065 ex
1392 5004 1455 5065 hoc
1470 5005 1641 5065 humiliari
1655 5004 1839 5077 debuerint,
1857 5006 1889 5066 et
1904 5004 1946 5065 ad

1152 5103 1412 5163 satisfactionem
1427 5103 1550 5173 induci,
1567 5104 1735 5180 tamquam
1751 5102 1785 5162 in
1803 5104 1944 5178 profun-

1152 5202 1228 5260 dum
1244 5201 1401 5261 vitiorum
1422 5200 1618 5261 devenerint
1637 5202 1895 5271 contemnentes,
1913 5202 1947 5262 et

1152 5296 1417 5357 maledictionem
1427 5294 1589 5367 hibentes,
1602 5298 1638 5357 ut
1650 5312 1782 5372 aquam,
1797 5296 1947 5357 eamdem

1151 5394 1505 5455 excommunicationis
1530 5395 1727 5455 sententiam
1745 5398 1816 5471 jam
1832 5395 1947 5471 elapso

1151 5492 1287 5551 biennio
1302 5492 1544 5552 contumaciter
1555 5490 1789 5567 despexerunt.
1808 5493 1850 5554 ut
1866 5508 1946 5567 ergo

1151 5606 1232 5667 quos
1252 5588 1310 5651 Dei
1325 5590 1462 5652 timora
1482 5588 1571 5650 malo
1590 5604 1656 5651 non
1677 5590 1825 5662 revocat,
1849 5604 1947 5667 poena
