4217 6400
155 339 195 400 49
772 335 1003 400 brisacam.
1029 337 1110 399 LIB.
1132 337 1173 398 X.
1755 340 1798 402 50

156 513 242 573 1666,
257 513 441 572 monemus,
458 498 492 562 61
505 496 678 561 hortamur
688 497 822 572 6116616,
835 499 948 576 quate·
1000 495 1238 570 1616166,16616
1249 498 1355 574 magis
1366 513 1426 560 166
1439 497 1575 561 dedecet
1586 498 1698 562 facere
1708 499 1798 562 frau-

155 613 219 657 nus
247 596 425 672 diligenter
458 596 647 664 attendens,
682 612 780 672 quam
821 595 947 656 utiliter
1000 595 1466 671 demlegi,etpraesertimin
1485 597 1796 674 apostolicaesedis

155 694 427 770 prospexerimus
442 692 547 754 eidem
560 693 779 768 strigoniensi
795 692 944 754 ecclesiae
999 691 1169 768 injuriam,
1179 692 1454 770 etcontemptum.
1469 696 1556 754 Sane
1569 695 1681 756 dilecti
1696 696 1795 757 filii...

156 805 196 850 ac
219 789 280 852 tibi
308 791 341 852 61
367 805 470 866 regno
495 790 553 852 tuo
575 791 611 850 in
637 805 779 866 persona
800 789 946 866 episcopi
1000 788 1113 860 abbas,
1128 788 1356 850 61666166166
1370 792 1484 853 Sancti
1499 792 1652 852 Germani
1667 793 1798 854 dePra·

156 887 342 957 memorati,
365 887 499 949 1616616
515 887 715 963 huJusmodi,
732 887 947 963 66666161661
999 885 1042 946 116
1058 885 1260 946 Ρ6116166616
1279 902 1417 962 gravem
1440 888 1481 949 de
1508 888 1602 948 vobis
1627 891 1797 966 querimo-

155 986 288 1060 gratum
315 983 397 1044 illud
434 983 597 1057 habendo,
623 984 788 1046 voluntati
823 985 946 1046 nostrae
1001 982 1091 1042 niam
1109 981 1308 1054 obtulerunt,
1325 984 1411 1060 quod
1436 984 1568 1061 quidam
1586 987 1746 1059 16611661,
1763 987 1796 1049 61

154 1082 307 1158 61616616
333 1096 514 1142 concurras
539 1081 673 1154 affectu,
697 1082 809 1158 sicque
838 1082 945 1158 ipsum
1000 1095 1116 1140 661661
1131 1079 1291 1141 officiales
1306 1081 1430 1141 cumin
1445 1097 1513 1153 eos,
1531 1083 1564 1144 et
1580 1084 1633 1143 sui
1660 1099 1797 1145 monas-

155 1179 347 1254 episcopum
362 1194 437 1239 cum
459 1195 618 1240 concessa
637 1178 700 1240 sibi
716 1195 735 1240 a
750 1179 845 1240 uobis
862 1179 948 1239 Stri-
999 1177 1077 1237 terii
1096 1178 1276 1240 monachos
1300 1180 1509 1254 nonpossint
1525 1182 1796 1242 excommunica·

155 1274 310 1349 goniensi
334 1276 476 1336 ecclesia
495 1277 692 1352 propensius
714 1275 838 1337 habeas
861 1292 947 1336 com-

155 1371 362 1447 mendatum3
380 1373 467 1450 quod
482 1374 515 1434 et
529 1373 616 1434 idem
629 1374 678 1434 tui
694 1373 817 1435 favoris
829 1372 948 1433 sufful-

154 1468 208 1528 tus
229 1469 389 1544 suffragio
411 1470 568 1546 prodesse
586 1471 650 1547 ipsi
672 1471 833 1542 ecclesiae,
853 1485 892 1532 ac
912 1470 946 1530 16

154 1579 207 1636 66,
231 1566 268 1626 61
286 1566 458 1641 66616161,
483 1566 683 1627 fructificare
706 1567 827 1639 161661,
854 1567 886 1628 61
910 1568 947 1627 16

48 1665 50 1668 ’
152 1663 306 1724 exindea
326 1666 392 1724 Deo
407 1664 562 1724 616111616
584 1665 810 1741 consequaris.
827 1665 945 1726 Datum

152 1759 321 1833 Laterani,
337 1760 412 1821 idus
430 1761 552 1833 martii,
570 1777 658 1822 6666
673 1761 813 1822 decimo.

485 1985 609 2072 CXIII

151 2135 203 2195 Aa
216 2135 402 2196 1161611616
417 2139 612 2210 episcopum
630 2139 942 2212 Wcsprimienscm.

435 2267 468 2324 13
483 2267 576 2324 martii
592 2269 672 2325 1226.

291 2389 382 2456 [licien
398 2390 460 2442 Cod.
472 2391 534 2456 dipl.
547 2392 692 2456 11666111,
707 2406 736 2450 11,
753 2391 805 2456 ss]

249 2525 311 2582 lloc
324 2525 417 2597 166661
433 2526 519 2582 etiam
534 2525 657 2584 Roberto
672 2527 778 2583 66111166
790 2525 849 2583 dat.

192 2660 371 2730 Honorius,
393 2661 469 2732 616,
497 2662 653 2738 66166666
679 2661 942 2738 Wesprimiensi.

191 2756 229 2815 16
241 2771 432 2830 gravamen,
449 2758 488 2818 ut
501 2773 610 2830 supro
626 2773 732 2830 66666
747 2758 896 2833 fatigata,
911 2749 944 2818 te

151 2851 193 2911 ad
216 2852 333 2926 ipsam,
351 2869 448 2930 quam
471 2853 635 2914 credimus
654 2855 894 2916 incrementum
908 2855 944 2914 16

151 2948 382 3023 spiritualibus
395 2953 427 3012 61
442 2950 680 3026 temporalibus
696 2951 756 3011 sub
779 2953 836 3013 tuo
852 2952 944 3027 regi-

150 3044 240 3106 mine
262 3047 499 3123 suscepturam,
526 3047 565 3109 de
587 3047 727 3109 fratrum
755 3049 942 3110 nostrorum

151 3142 306 3211 consilio,
318 3143 552 3205 assumendum
567 3161 610 3206 61
620 3145 730 3208 officio
741 3146 854 3209 nostro
870 3161 944 3223 pro·

149 3238 294 3299 vidimus
324 3240 358 3299 16
382 3242 565 3317 666161616;
592 3245 689 3319 atque
719 3244 943 3305 absolutuma

149 3336 295 3409 1166616,
311 3339 386 3410 616,
402 3354 508 3412 usquc
535 3340 737 3401 transeundi.
759 3342 840 3411 Quia
863 3358 942 3403 1616

150 3434 362 3496 116661611661
388 3435 580 3513 hujusmodi
609 3438 640 3497 16
665 3435 943 3499 (16661111116111161

151 3531 350 3603 consentire,
376 3546 418 3591 ne
445 3532 612 3594 vocationi
628 3532 749 3593 divinae
763 3532 940 3601 contraire,

151 3626 180 3686 si
195 3642 291 3688 secus
312 3643 441 3703 ageres,
469 3629 625 3701 videaris,
655 3629 855 3691 fraternitati
877 3630 943 3691 tuae

150 3723 186 3783 in
200 3725 322 3785 virtute
345 3724 541 3787 obedientiae
561 3726 783 3803 praecipiendo
800 3726 942 3787 mauda-

149 3836 234 3892 mus,
250 3822 411 3897 quatenus
432 3822 469 3882 in
485 3823 543 3883 Dei
558 3824 691 3885 6661166
710 3824 817 3900 166166
831 3824 942 3885 66616-

150 3917 335 3979 6166661616
356 3919 529 3994 6116616166,
548 3922 580 3982 61
603 3920 644 3981 ad
674 3938 747 3982 eam
775 3923 940 3993 transeas,

150 4012 223 4073 6166
236 4029 340 4085 16616,
353 4013 464 4091 ibique
474 4017 506 4075 16
519 4016 618 4077 talem
632 4017 802 4090 exhibeas
818 4021 853 4080 ut
868 4034 942 4079 cum

149 4108 287 4167 honoris
309 4112 486 4183 augmento
521 4113 666 4177 crevisse
694 4115 728 4174 in
766 4116 942 4177 virtutibus

149 4203 386 4279 comproberis.
404 4207 522 4267 Datum
535 4208 693 4285 utsupra.

487 4414 608 4500 CXIV

148 4563 201 4621 Act
223 4565 494 4637 archiepiscopos
515 4564 549 4624 et
575 4568 748 4640 episcopos
773 4570 810 4627 16
834 4582 941 4645 repro

460 4665 632 4724 Franctoe.

427 4790 567 4849 11616161
584 4794 662 4852 laad.

200 4912 319 4976 [liegest.,
333 4912 377 4963 lib.
391 4914 422 4973 11,
433 4928 472 4979 ep.
483 4915 604 4965 616666.
622 4916 658 4967 La
671 4919 745 4968 Porte
755 4918 790 4969 du
801 4920 894 4985 Theti]

176 5036 287 5093 inhibet
300 5052 336 5095 ne
349 5038 507 5097 monachos
520 5040 613 5099 Sancti
627 5042 761 5099 Germani
774 5043 809 5101 (16
821 5044 912 5102 Ρ16116

324 5128 573 5185 excommunicare
585 5140 769 5202 6166616661.

187 5254 367 5322 Honorius,
398 5252 473 5322 etc..
500 5256 745 5317 venerabilibus
783 5258 940 5320 fratribus

148 5349 420 5425 archiepiscopis,
438 5352 471 5411 et
485 5352 648 5429 episcopis
663 5354 698 5413 in
715 5370 819 5431 regno
834 5358 941 5417 Fran-

148 5446 208 5507 ciae
224 5446 422 5519 constitutis,
437 5449 576 5509 salutem
592 5451 625 5511 61
645 5453 867 5529 apostolicam
882 5452 942 5514 be-

146 5544 381 5605 nedictionem.

187 5640 315 5711 Quanto
330 5642 472 5719 amplius
488 5658 562 5705 6666
587 5644 713 5709 debetis
724 5647 864 5723 justitiae
882 5665 940 5711 ze-

999 1273 1112 1346 116616,
1127 1276 1186 1335 661
1197 1275 1365 1337 interdicti
1378 1275 1527 1352 proferre
1540 1279 1734 1350 6661661166,
1755 1295 1795 1341 66

1000 1370 1087 1446 quod
1099 1387 1199 1448 super
1213 1372 1277 1433 hoc
1288 1373 1486 1449 apostolicae
1500 1373 1594 1434 Sedis
1608 1375 1795 1450 privilegiis

1000 1469 1258 1530 6661166611116
1274 1486 1342 1542 666,
1359 1469 1416 1546 qui
1430 1471 1561 1531 molunt
1573 1471 1608 1531 16
1626 1471 1795 1532 molendi-

999 1565 1064 1636 616,
1091 1567 1149 1627 661
1172 1567 1317 1643 coquunt
1342 1567 1377 1627 16
1398 1567 1506 1628 161616
1528 1583 1655 1639 661616,
1682 1570 1715 1630 61
1738 1569 1794 1646 qui

998 1663 1171 1724 vendendo
1187 1680 1247 1725 seu
1262 1664 1412 1736 emendo,
1427 1666 1485 1727 aut
1499 1665 1584 1726 alias
1599 1666 1631 1726 ei
1645 1681 1797 1726 commu·

999 1762 1123 1832 nicant,
1140 1763 1321 1823 6661661166
1343 1761 1515 1840 proferunt
1534 1764 1746 1835 memoratas,
1763 1765 1796 1825 61

999 1859 1047 1920 616
1071 1861 1335 1935 Apostolicorum
1362 1861 1614 1937 privilegiorum
1626 1878 1693 1922 non
1711 1863 1792 1934 1161,

999 1956 1031 2017 61
1060 1957 1266 2031 potestatem,
1295 1957 1352 2019 sed
1381 1958 1452 2018 6616
1478 1959 1581 2018 rerba
1606 1960 1790 2032 661166166,

999 2052 1079 2113 dicti
1105 2054 1299 2114 monasterii
1324 2055 1504 2116 1666661166
1529 2056 1671 2132 quodam
1697 2057 1795 2117 modo

998 2151 1297 2223 excommunicant,
1319 2151 1397 2211 dum
1423 2153 1473 2212 ets
1499 2153 1585 2214 61166
1611 2153 1796 2214 661616661-

999 2263 1158 2308 6616666
1175 2249 1299 2308 616661.
1317 2252 1442 2325 linquo
1457 2248 1539 2310 illud
1557 2251 1659 2311 611616
1682 2251 1794 2312 616611

998 2345 1248 2417 166661661666,
1263 2346 1300 2406 61
1322 2346 1387 2422 1661
1407 2347 1561 2407 monachi
1575 2348 1734 2423 quantum
1750 2348 1793 2407 ad

998 2443 1062 2504 hoc
1084 2443 1276 2518 jndicentur
1297 2443 1425 2518 judicio
1452 2445 1654 2517 iudaeorum,
1678 2446 1712 2506 61
1737 2445 1795 2521 661

998 2540 1047 2600 616
1061 2541 1306 2601 6616166616661
1319 2541 1354 2599 16
1368 2541 1537 2616 praedictis
1547 2544 1708 2618 majorem
1721 2558 1795 2619 poe-

998 2652 1075 2698 nam
1091 2637 1272 2708 incurrant,
1290 2654 1388 2714 quam
1416 2638 1516 2699 etiam
1531 2640 1795 2700 excommunica·

998 2733 1041 2794 tis
1063 2734 1335 2794 communicando
1365 2734 1497 2796 1661661
1521 2735 1699 2796 166616611.
1724 2738 1797 2798 Νο-

998 2830 1103 2891 166166
1119 2831 1222 2906 igitur
1236 2830 1299 2891 hoc
1313 2831 1439 2891 crebris
1455 2832 1495 2892 ad
1516 2848 1577 2892 nos
1592 2833 1794 2894 clamoribus

993 2930 1065 3004 jam
1092 2928 1220 3004 perlata
1248 2927 1388 2988 ulterius
1431 2927 1491 2988 sub
1529 2929 1794 2991 dissimulatione

996 3025 1152 3097 transire,
1173 3025 1267 3086 vobis
1290 3027 1465 3097 universis,
1495 3027 1528 3087 et
1548 3026 1689 3102 singulis
1718 3027 1792 3088 dis-

997 3117 1189 3185 trictissime
1216 3122 1417 3195 inhibemus,
1443 3139 1486 3184 66
1505 3122 1696 3203 hujusmodi
1719 3142 1794 3203 616-

997 3220 1085 3281 16116
1099 3222 1282 3282 6661661166
1302 3222 1475 3283 decaetero
1497 3224 1718 3298 praesumatis,
1735 3223 1793 3284 sed

997 3319 1027 3378 61
1039 3318 1179 3379 forsitan
1192 3318 1281 3380 16161
1293 3335 1364 3391 166,
1380 3319 1413 3380 61
1433 3320 1581 3394 ejusdem
1596 3321 1792 3382 monasterii

996 3416 1178 3475 monachos
1223 3416 1371 3492 aliquam
1408 3417 1587 3491 contigerit
1625 3434 1795 3493 emergere

997 3512 1224 3587 quaestionem,
1240 3512 1281 3572 ad
1296 3512 1496 3588 apostolicae
1513 3513 1608 3574 Sedis
1621 3514 1792 3586 indicium,

997 3607 1025 3668 si
1041 3607 1139 3669 aliter
1163 3608 1267 3685 sopiri
1291 3610 1490 3685 nequiverit,
1506 3609 1704 3685 perferatur,
1719 3628 1793 3687 quae

995 3704 1091 3766 vobis
1101 3705 1241 3781 justitiae
1263 3706 1503 3781 plenitudinem
1525 3705 1706 3778 exhibebit,
1731 3723 1793 3783 616

997 3804 1088 3863 66116
1107 3802 1263 3873 66166166,
1280 3802 1366 3878 quod
1394 3801 1527 3863 6116166
1554 3803 1737 3864 sententias
1751 3804 1792 3865 de

997 3899 1117 3959 caetero
1131 3897 1348 3973 protuleritis,
1363 3914 1435 3970 nos,
1450 3914 1525 3959 cum
1537 3898 1571 3959 id
1584 3899 1680 3960 nobis
1694 3916 1793 3961 cons·

996 3995 1112 4067 titerit,
1140 4011 1198 4055 666
1229 3997 1387 4071 tanquam
1411 3997 1526 4057 666116
1559 3996 1791 4059 inhibitionem

998 4092 1094 4153 Sedis
1116 4092 1315 4169 Apostolicae
1334 4093 1559 4167 promulgatas
1574 4092 1791 4155 decernemus

996 4190 1111 4251 1111166
1132 4191 1166 4251 61
1187 4190 1318 4260 166666,
1335 4190 1368 4249 61
1390 4190 1654 4264 promulgatores
1675 4207 1791 4252 earum

997 4287 1176 4349 6616111616
1189 4286 1351 4347 66666166
1365 4287 1581 4361 corrigemus.
1598 4289 1717 4349 Datum
1732 4291 1793 4351 La·

995 4384 1117 4451 ferani,
1134 4386 1164 4443 ΙΙ
1175 4382 1250 4443 idus
1264 4382 1387 4454 martii,
1404 4397 1492 4444 anno
1507 4383 1646 4445 decime.

1345 4642 1445 4727 dxv

1034 4794 1087 4853 Act
1100 4793 1254 4853 abbatem
1268 4791 1302 4852 et
1313 4791 1518 4852 6666661166
1531 4794 1564 4852 8.
1585 4794 1751 4852 (terreant

1185 4892 1226 4949 de
1238 4890 1360 4949 Pratis
1374 4891 1600 4949 Parisiensis

1274 5019 1309 5075 ll
1321 5018 1415 5074 1661111
1427 5018 1506 5075 1126.

1027 5113 1759 5208 [1166166.11,6661611.666161666611666

995 5266 1107 5325 lubibet
1140 5268 1169 5323 in
1201 5267 1329 5339 ipsorum
1364 5264 1491 5322 favorem
1519 5280 1556 5321 66
1583 5266 1791 5341 archiepiscopi

1030 5356 1115 5412 611116
1134 5354 1472 5427 61616116166616116666
1495 5354 1531 5411 ab
1545 5356 1673 5426 16661661
1696 5356 1788 5413 domi·

1029 5443 1092 5512 bus,
1115 5443 1357 5515 66611611611666
1380 5457 1437 5499 non
1456 5442 1597 5515 indigent,
1621 5450 1790 5515 extorquere

1031 5538 1214 5604 praesumant.
1572 5554 1576 5557 ·

1033 5649 1213 5721 Honorius,
1232 5650 1308 5721 616,
1330 5648 1459 5712 dilectis
1474 5649 1603 5710 filiis...
1627 5648 1737 5711 abbati
1757 5649 1791 5713 61
