4217 6400
154 353 213 412 105

151 529 239 574 nova
249 516 329 592 jura
342 514 410 576 sint
431 515 574 588 condita,
602 515 638 576 in
665 515 834 594 publicum
859 533 941 596 pro-

153 611 264 681 deant,
278 627 353 672 cum
367 613 401 672 id
416 627 483 673 non
498 613 669 689 patiantur
682 614 829 690 antiqua.

192 709 317 779 «Quia
337 725 418 770 vero
444 726 511 770 non
537 711 588 772 est
605 710 797 772 abbreviata
825 727 943 772 manus

150 805 294 876 Domini,
311 807 426 866 utnon
446 808 551 883 possit
567 807 802 869 sublimitatem
825 807 942 869 incur-

149 917 232 962 vare
259 902 441 975 hominum,
471 905 505 966 et
531 904 740 965 altitudinem
765 904 943 964 humiliare

149 999 311 1070 virorum,
327 1015 418 1060 nunc
432 1016 507 1060 cum
522 1000 668 1062 felicium
684 1002 750 1063 tuis
764 1001 851 1063 votis
866 1016 944 1062 suc·

149 1111 305 1156 cessuum
312 1097 469 1172 splendor
482 1098 645 1169 illuxerit,
653 1098 689 1158 in
703 1114 823 1159 sereno
838 1098 944 1158 humi-

149 1193 277 1255 litatem
301 1210 369 1255 non
390 1195 539 1266 deseras,
559 1211 658 1272 quam
673 1196 708 1256 in
721 1195 836 1256 nubilo
851 1211 943 1272 prae-

148 1290 320 1353 tendebas.
349 1293 527 1369 Speremus
548 1292 661 1369 itaqua
689 1292 775 1369 quod
794 1292 943 1353 vinitam

149 1387 287 1450 discreti
296 1389 503 1458 memoriam,
513 1404 684 1465 nunquam
698 1390 748 1450 sic
761 1390 804 1450 ad
820 1389 944 1449 exami-

149 1484 320 1546 nationem
333 1484 474 1547 deducat
494 1484 630 1558 oblivio,
645 1487 681 1546 ut
694 1487 830 1547 omnino
844 1486 881 1546 in
891 1485 945 1548 vi-

148 1581 234 1642 tium
247 1581 498 1657 ingratitudinis
512 1581 649 1651 incidat,
659 1580 745 1660 quod
765 1583 944 1658 reprehen-

150 1679 200 1739 dit
222 1679 258 1738 in
283 1679 419 1747 aemulo,
448 1678 482 1741 et
508 1680 658 1756 culpam,
685 1695 785 1756 quam
808 1679 945 1740 damnat

148 1773 186 1835 in
206 1775 312 1847 hoste,
340 1776 534 1838 committat.
564 1778 640 1838 Non
675 1791 755 1852 ergo
782 1775 944 1837 seducant

149 1873 184 1935 ta
209 1887 380 1949 prospera,
410 1889 508 1951 quem
532 1874 733 1934 instruxisse
758 1872 945 1934 debuerunt

150 1969 303 2041 adversa,
327 1986 427 2045 quum
452 1970 554 2032 fuerit
578 1971 765 2031 Pharaonis
783 1971 943 2048 pincerna

149 2063 295 2136 namtas,
315 2079 355 2126 eo
383 2064 470 2140 quod
495 2064 748 2126 succedentibus
773 2064 944 2140 prosperis

150 2161 203 2220 sui
218 2161 270 2222 est
282 2161 403 2224 oblitus
413 2162 620 2237 interpretis,
639 2163 672 2224 et
687 2161 743 2222 lex
757 2160 944 2222 nobilitatis

150 2258 185 2318 id
200 2257 331 2329 habeat,
356 2261 393 2320 ut
411 2257 573 2319 nobilium
588 2258 714 2319 mentes
727 2259 862 2319 excelsa
876 2272 944 2317 non

150 2355 292 2427 elevent,
309 2356 342 2416 et
355 2355 470 2416 intima
482 2371 549 2415 non
564 2355 747 2418 demittant.
765 2358 941 2431 Quaprop-

150 2453 213 2524 ter,
224 2453 272 2512 flli
286 2453 469 2524 carlssime,
482 2451 630 2529 probatIs
640 2452 839 2529 Apostolicae
848 2451 944 2512 Sedis

150 2550 336 2622 affectibus,
362 2550 489 2610 nullius
521 2550 690 2626 suggestio
717 2552 751 2611 te
771 2549 942 2623 subducat,

148 2663 223 2724 quae
251 2647 317 2707 nisi
343 2646 549 2709 obstaculum
583 2647 695 2707 nimiae
717 2646 945 2707 indevotionis

148 2742 393 2818 impediat,ate
415 2742 586 2803 dexteram
612 2742 849 2804 beneficiorum
877 2755 944 2801 non

150 2838 333 2910 subtrahet,
351 2841 384 2900 et
398 2839 582 2900 dulcedinis
600 2839 702 2900 ubera
716 2855 782 2900 non
797 2839 943 2899 abscon-

150 2937 216 3008 det,
231 2953 305 2997 eum
316 2937 435 2998 nonsit
447 2937 641 3008 verisimile,
654 2936 740 3013 quod
755 2937 860 2996 animi
873 2936 944 2997 ser·

148 3034 259 3094 ventis
274 3033 428 3095 affectum
448 3033 563 3095 abillo
578 3034 618 3095 da
643 3033 734 3093 sacili
749 3032 830 3094 velit
844 3047 945 3094 aver·

149 3130 233 3198 tere,
250 3147 347 3207 quem
371 3131 474 3191 multo
491 3131 606 3191 labore
623 3131 706 3192 fovit
726 3129 943 3207 impuberem,

149 3228 320 3304 multaque
346 3227 570 3288 sollieitudine
593 3227 758 3305 promovit
782 3227 943 3288 adultum.

150 3326 269 3386 Datum
282 3324 449 3386 Laterani.

480 3564 618 3651 CLVII

183 3716 236 3775 Ad
249 3714 404 3775 abbotem
417 3714 452 3776 et
463 3715 669 3776 coracesium
686 3716 721 3776 S.
738 3714 919 3787 Genooefoe

433 3814 659 3873 Portsteasts.

450 3941 550 4013 lJ'unii
565 3941 643 3998 laad.

182 4064 302 4127 [liegest.,
313 4061 358 4110 lib.
370 4062 402 4119 X,
414 4061 489 4124 epist.
499 4063 555 4110 291.
570 4063 628 4110 llss.
639 4064 675 4112 La
683 4064 760 4112 Porta
772 4064 807 4113 du
818 4064 912 4129 Thali]

151 4184 403 4244 denunciationem
417 4183 624 4242 abhominlbus
634 4184 669 4242 de
677 4186 787 4242 Roonio
795 4189 944 4257 questioni

185 4289 271 4346 super
290 4289 377 4331 manu
401 4282 512 4332 mortua
532 4274 647 4343 iactam,
669 4274 836 4331 auctoritate
849 4276 942 4347 Apos-

185 4363 270 4421 tolica
283 4362 443 4420 confirmat.

187 4492 293 4554 Iustis
321 4492 516 4568 petentium,
538 4492 613 4563 etc,
637 4505 745 4565 tuque
765 4490 941 4566 complere.

149 4592 237 4650 Sane
248 4589 364 4665 petitio
378 4590 489 4650 vestra
512 4588 608 4649 nobis
623 4588 773 4649 exhibita
787 4588 942 4649 contine-

147 4686 312 4762 estquod
337 4702 411 4747 cum
439 4686 594 4747 homines
617 4686 658 4747 de
676 4686 818 4757 Roonio,
841 4686 941 4746 Pari-

149 4784 270 4844 siensis
292 4784 456 4856 dioecesis,
486 4783 702 4860 quaestionem
727 4799 827 4859 super
841 4799 942 4844 manu

148 4882 279 4944 mortua
305 4881 393 4942 inter
420 4897 491 4952 vos,
519 4881 553 4941 et
580 4881 713 4942 eosdem
728 4881 827 4957 longe
852 4884 941 4943 retro

148 4978 351 5055 temporibus
362 4979 520 5054 agitatam
533 4994 573 5039 ac
588 4978 689 5039 clarae
704 4980 942 5041 memoriaeLu·

148 5075 938 5153 devici,etPhilippi,flliieJus,regumFranciae,

148 5172 347 5235 diffinitione
380 5172 521 5249 sopitam
547 5173 674 5234 temere
709 5175 938 5245 suscitassent,

146 5271 280 5333 taudem
296 5271 337 5331 ad
357 5272 506 5331 animum
522 5270 700 5331 redeuntes
720 5272 939 5332 renuntiave-

146 5370 225 5430 runt
240 5369 374 5429 omnino
385 5368 574 5445 huJusmodi
590 5368 778 5445 quaestioni,
796 5369 829 5430 et
845 5370 939 5430 litte·

146 5468 194 5528 ris
209 5466 394 5543 impetratis
408 5482 428 5526 a
445 5466 528 5527 Sede
542 5466 733 5542 Apostolioa
755 5483 856 5543 super
867 5466 937 5537 illa,

146 5564 315 5626 ueletiam
335 5564 511 5627 decaetero
534 5563 763 5641 impetrandis,
780 5564 867 5626 sicut
881 5579 941 5641 per

148 5661 340 5724 authentica
356 5660 479 5740 scripta
499 5676 605 5740 super
620 5660 692 5727 hoc,
705 5661 793 5723 lacta
807 5661 939 5739 plenius

776 356 1005 417 EPISTOLAE.
1028 357 1107 417 LIB.
1130 357 1170 416 X.

1731 351 1790 413 106

997 516 1120 580 dicitur
1143 531 1316 592 apparere.
1338 517 1407 578 Nos
1422 515 1525 592 igitur
1540 514 1658 577 vestris
1676 513 1789 590 preel-

996 613 1058 674 bus
1084 613 1247 684 inclinati,
1264 613 1552 695 renunciationem
1568 611 1686 688 ipsam,
1702 610 1789 672 sicut

997 711 1134 787 provide
1161 710 1248 771 iacta
1284 712 1344 780 est,
1375 710 1574 772 auctoritate
1598 707 1790 784 apostolica

997 807 1242 878 confirmamus,
1253 807 1465 882 etpraesentis
1477 806 1593 883 scripti
1604 804 1790 882 patrocinio

997 904 1250 975 communimus,
1263 903 1446 965 districtius
1459 902 1658 974 inhibentes
1669 917 1711 962 ne
1726 901 1791 978 ipsi

998 1001 1149 1062 homines
1163 1017 1222 1062 vos
1237 1001 1295 1063 aut
1312 1001 1486 1062 ecclesiam
1511 1004 1655 1062 vestram
1675 999 1792 1061 contra

997 1097 1284 1158 renunciationem
1299 1097 1450 1158 eamdem
1461 1097 1663 1172 praesumant
1675 1095 1715 1156 de
1726 1111 1794 1156 cae-

996 1194 1069 1255 tero
1082 1193 1271 1256 molestare.
1287 1194 1380 1254 Nulli
1398 1208 1489 1268 ergo,
1507 1194 1581 1264 etc,
1597 1192 1683 1254 hanc
1698 1191 1795 1268 pagi«

998 1306 1076 1352 nam
1103 1292 1227 1354 nostrae
1256 1290 1519 1352 confirmationis
1552 1290 1586 1352 et
1618 1288 1795 1351 inhibitio-

998 1389 1062 1461 nis,
1091 1391 1153 1451 etc.
1186 1391 1220 1450 Si
1238 1389 1311 1466 quis
1331 1389 1454 1459 autem,
1474 1388 1536 1450 ete.
1559 1387 1677 1448 Datum
1693 1385 1792 1448 Late-

998 1485 1085 1558 rani,
1099 1487 1129 1547 11
1144 1501 1252 1548 nonas
1269 1485 1372 1563 junii,
1389 1501 1477 1546 anno
1493 1485 1634 1546 decimo.

1318 1723 1478 1814 CLVIII

1111 1878 1162 1936 Ad
1179 1877 1371 1952 Stpsrvdaaa
1391 1877 1686 1949 archiepiscopum

1266 1973 1522 2047 mappularum.

1298 2099 1397 2172 ejunii
1414 2100 1493 2158 1226.

1131 2205 1310 2270 [Wurdtweim
1323 2207 1394 2257 Nova
1408 2205 1532 2263 subsidia,
1547 2207 1590 2264 1v,
1606 2205 1673 2270 l33.]

999 2329 1032 2388 lii
1061 2330 1178 2388 mandat
1201 2338 1230 2388 ut
1255 2332 1282 2388 in
1307 2331 1493 2388 ecclesiarum
1514 2331 1657 2402 prelatos,
1674 2330 1791 2386 canoni·

1034 2433 1094 2488 cos,
1124 2425 1191 2488 etc,
1214 2419 1347 2476 dioecesis
1371 2419 1595 2476 warmaciensis
1621 2419 1791 2476 sententium

1034 2508 1437 2578 excommunicationisusque
1448 2506 1484 2563 ad
1492 2505 1716 2564 satisfactionem
1727 2521 1793 2563 con·

1035 2593 1153 2666 dignam
1166 2594 1250 2652 saciat
1261 2595 1460 2652 inviolabiliter
1475 2594 1633 2652 observari.

1040 2729 1218 2802 Honorius,
1232 2732 1306 2803 ete,
1320 2731 1504 2792 venerabili
1517 2730 1650 2792 fratri...
1663 2730 1791 2791 archie-

999 2835 1136 2912 piscopo
1150 2837 1356 2912 Magantino
1372 2836 1525 2907 salutem,
1543 2837 1604 2896 etc.

1039 2935 1089 2993 Ex
1104 2935 1198 3010 parte
1211 2937 1268 2995 tua
1279 2933 1341 2995 luit
1356 2948 1468 2994 coram
1483 2933 1578 2994 nohis
1591 2932 1793 3008 expositum,

999 3029 1086 3108 quod
1106 3032 1152 3102 tu,
1171 3031 1290 3092 siouta
1309 3031 1405 3092 nobis
1420 3031 1455 3090 in
1471 3030 1636 3091 mandatis
1651 3045 1795 3106 accepe-

999 3144 1068 3196 ras,
1085 3127 1126 3188 ad
1140 3129 1424 3189 warmaciensem
1444 3127 1605 3188 accedens
1620 3127 1796 3188 ecclesiam

1000 3225 1218 3287 ecelesiarum
1246 3226 1411 3303 praelatos,
1448 3226 1626 3287 canonicos
1652 3228 1686 3287 et
1711 3224 1796 3286 alios

1000 3324 1139 3385 clericos
1155 3323 1300 3384 civitatis
1317 3325 1348 3383 el
1364 3323 1518 3384 dioecesis
1531 3323 1796 3384 warmaciensis
1907 3368 1911 3375 .

999 3436 1062 3481 nec
1088 3437 1155 3481 non
1175 3422 1275 3493 cives,
1305 3422 1469 3483 vassallos
1495 3426 1527 3481 et
1541 3420 1674 3485 Judaeos
1694 3421 1794 3482 etiam

1000 3518 1170 3578 monueris
1196 3518 1386 3593 diligenter,
1417 3519 1581 3595 utusque
1609 3516 1650 3577 ad
1674 3517 1795 3579 festum

1000 3616 1266 3677 Resurrectionis
1284 3615 1464 3676 Dominicae
1480 3615 1631 3691 proxime
1645 3616 1798 3691 praeteri-

998 3713 1070 3773 tnm
1083 3712 1117 3773 in
1130 3712 1221 3773 mille
1237 3713 1404 3773 sexcentis
1415 3713 1449 3773 et
1463 3712 1580 3787 viginti
1590 3712 1713 3772 marcis
1726 3712 1797 3773 col-

999 3810 1142 3885 ligendis
1164 3824 1183 3869 a
1205 3811 1239 3871 te
1254 3810 1462 3886 computatis,
1482 3810 1516 3869 in
1540 3810 1623 3886 ipsis
1646 3810 1795 3886 quadra-

999 3908 1101 3982 gintis
1113 3908 1145 3969 et
1154 3907 1292 3982 triginta
1305 3908 1426 3969 marcis
1431 3910 1500 3985 jam
1510 3908 1669 3979 collectis,
1687 3906 1794 3969 eidem

999 4005 1150 4066 ecclesiae
1170 4003 1386 4066 subvenirent
1401 4020 1459 4081 pro
1480 4006 1645 4066 solutione
1665 4004 1795 4066 dabito-

998 4118 1083 4173 rum,
1106 4102 1226 4180 quibus
1241 4104 1291 4163 est
1310 4102 1488 4177 plurimum
1503 4104 1695 4177 aggravata,
1716 4103 1793 4180 ipsi,

998 4200 1062 4260 hoc
1078 4199 1188 4260 iacere
1202 4198 1463 4270 contemnentes,
1477 4198 1511 4258 in
1524 4214 1639 4261 vocem
1650 4200 1796 4275 appella·

997 4296 1099 4357 tionis
1115 4294 1308 4356 frustatorie
1323 4296 1559 4373 proruperunt,
1575 4314 1674 4375 quam
1688 4300 1724 4359 tu
1740 4313 1796 4358 re-

999 4394 1119 4468 putans
1134 4390 1288 4453 frivolam
1317 4394 1350 4455 et
1370 4393 1505 4455 inanem
1527 4395 1562 4454 in
1585 4410 1642 4455 eos
1659 4410 1796 4455 excom-

997 4489 1233 4551 municationis
1260 4492 1458 4553 sententiam
1473 4493 1701 4568 promulgasti.
1728 4491 1793 4552 Sed

997 4587 1147 4663 praedicti
1173 4589 1303 4665 praelati
1328 4590 1360 4650 et
1385 4589 1499 4649 clerici
1526 4590 1726 4651 sententiam
1741 4590 1794 4665 ip-

997 4701 1067 4746 sam
1089 4686 1305 4762 pertinacIter
1324 4690 1582 4759 contemnentes
1599 4703 1794 4748 excommu-

997 4784 1099 4844 nicati
1118 4784 1413 4845 excommunicatis
1445 4788 1647 4860 praesumant
1678 4784 1791 4845 divina

996 4880 1107 4942 officia
1126 4881 1307 4953 celebrare,
1321 4882 1356 4941 in
1369 4880 1556 4941 animarum
1574 4896 1710 4942 suarum
1726 4898 1789 4959 pa-

995 4979 1138 5039 riculum
1153 4978 1185 5039 et
1209 4978 1402 5039 scandalum
1418 4978 1647 5054 plurimorum.
1662 4981 1712 5041 Ne
1725 4980 1792 5057 igi·
1877 5019 1885 5040 t

994 5076 1048 5137 tur
1062 5076 1110 5136 illi
1125 5074 1237 5137 desua
1251 5076 1386 5137 valeant
1409 5075 1616 5137 contumacia
1637 5077 1788 5153 gloriari,

995 5174 1196 5235 fraternitati
1235 5174 1301 5234 tuae
1341 5188 1400 5250 per
1436 5174 1626 5249 apostolica
1665 5177 1790 5252 scripta

995 5272 1202 5343 mandamus,
1226 5272 1388 5347 quatenus
1411 5270 1532 5332 dictam
1557 5274 1789 5334 excommuni-

995 5370 1136 5431 cationis
1152 5368 1360 5439 sententiam,
1381 5367 1467 5431 sicut
1481 5370 1726 5431 rationabiliter
1739 5372 1791 5433 est

994 5464 1784 5544 prolata,saciasadsatIsiactionemcondignam,

994 5562 1190 5624 auctoritate
1203 5560 1329 5629 nostra,
1346 5561 1476 5624 sublato
1489 5562 1722 5639 appellationis
1733 5562 1788 5625 ob·

993 5658 1387 5731 staculo,inviolahi1iter
1408 5660 1591 5733 observari,
1606 5663 1639 5723 at
1659 5660 1687 5723 si
1702 5660 1786 5725 sorta
