4217 6400
337 301 395 364 131

333 458 551 522 creditoribus
569 459 834 522 Bononiensibus
856 459 1067 539 fldeJussorle
1089 477 1129 524 ae

333 557 565 635 principaliter
583 556 756 634 obligaris,
777 558 893 620 eodem
908 561 946 620 G.
967 559 1002 620 in
1017 561 1130 621 anima

336 671 397 717 sua
409 657 543 732 jurante
556 672 591 716 se
606 657 782 732 pecuniam
793 657 901 732 ipsam
914 657 1046 720 statutis
1061 659 1132 719 ter-

334 753 435 813 minis
450 753 647 824 soluturum,
666 755 743 831 quia
758 755 901 830 pecunia
915 756 989 831 ipsa
1004 755 1128 816 eisdem

334 850 487 912 terminis
513 865 580 911 non
606 852 717 913 extitit
743 850 925 928 persoluta,
947 852 984 914 tu
1007 852 1129 913 exinde

334 963 469 1019 noxam,
491 947 545 1008 vel
565 951 677 1009 notam
694 948 834 1026 perJurii
855 950 887 1011 te
906 949 1055 1012 metuens
1077 949 1131 1010 in-

336 1046 496 1117 currisse,
529 1045 625 1107 nobis
654 1045 829 1107 humiliter
857 1047 1064 1124 supplicasti,
1094 1048 1131 1107 ut

335 1158 437 1220 super
455 1142 519 1203 hec
538 1143 764 1214 conscientiae,
783 1145 816 1205 et
831 1142 928 1206 famae
947 1145 1013 1206 tuae
1032 1143 1128 1204 salu-

333 1238 440 1301 briter
455 1240 628 1300 consulere
647 1240 872 1314 dignaremur.
888 1241 1045 1303 Veientes
1060 1241 1128 1316 igi-

333 1337 389 1400 tur
407 1336 469 1398 tibi
482 1337 595 1399 taliter
605 1338 793 1414 providere,
810 1338 895 1416 quoti
912 1339 1046 1400 illorum
1055 1341 1131 1413 jus-

333 1434 441 1496 titiam
454 1451 523 1495 non
538 1434 709 1506 laedamus,
723 1435 785 1498 tibi
799 1435 992 1512 hujusmodi
1007 1449 1130 1496 nexam

333 1531 536 1594 remittimus
560 1532 594 1594 et
625 1533 738 1593 notam
766 1532 1028 1594 misericorditer
1049 1529 1131 1593 abe-

333 1627 453 1700 lemus‚
469 1629 645 1690 dummodo
656 1629 876 1692 creditoribus
894 1629 977 1706 ipsis
995 1627 1133 1690 satissa-

335 1725 417 1798 cias,
434 1727 470 1787 ut
483 1726 616 1788 teneris.
632 1726 751 1788 Datum
766 1727 934 1799 Laterani,
952 1725 1050 1788 uenis
1064 1741 1130 1802 ne-

335 1821 491 1896 rembris,
505 1837 593 1914 anne
608 1823 795 1886 undecimo.

705 2017 761 2104 IV

443 2159 496 2220 Ad
516 2159 748 2232 propositum
765 2157 800 2219 et
818 2157 1024 2220 conventum

584 2249 876 2322 Raceburpenses.

606 2365 768 2425 dnovemb.
786 2367 865 2425 late.

459 2479 650 2546 [wirtemberg.
660 2481 787 2539 erlino„
800 2479 925 2542 1,32t,n.
939 2480 1007 2546 333]

371 2590 429 2648 Eos
440 2603 506 2646 cum
517 2586 650 2646 omnibus
663 2587 748 2644 benis
759 2587 812 2646 sub
823 2587 899 2646 beati
913 2589 991 2648 Petri
1002 2595 1031 2646 et
1044 2603 1096 2646 sua

577 2667 753 2741 protectione
764 2666 891 2742 suscipit.

375 2785 544 2847 Honorius
555 2785 740 2863 episcopus,
752 2799 1050 2848 servasserverum
1058 2784 1130 2858 Dei,

336 2883 466 2946 dilectis
480 2883 560 2943 filiis
579 2883 758 2960 praeposito
778 2882 811 2944 et
829 2882 1007 2944 conventui
1024 2884 1133 2944 Race·

335 2979 571 3056 burgensibus,
590 2980 742 3052 salutem,
758 2979 822 3040 eto.

378 3076 599 3140 sacrosancta
614 3079 764 3138 Romana
780 3074 930 3138 Ecclesia
949 3075 1085 3138 devotos
1099 3078 1133 3137 et

336 3174 481 3242 humiles
492 3173 579 3235 iilies
589 3189 632 3235 ex
642 3173 785 3235 assuetae
793 3173 926 3251 pietatis
938 3172 1049 3235 ellicio
1060 3189 1133 3251 pre·

336 3272 475 3363 pensius
490 3270 630 3347 diligere
647 3270 820 3332 consuevit
838 3272 881 3343 et,
897 3286 939 3333 ne
953 3287 1132 3349 pravorum

338 3368 511 3445 bominum
525 3368 688 3429 molestiis
703 3368 883 3443 agitentur,
902 3383 960 3429 ees
974 3369 1132 3447 tanquam

337 3466 393 3548 pia
408 3468 514 3529 mater
533 3480 602 3527 sure
621 3465 838 3541 protectionis
853 3466 1037 3527 munimine
1052 3482 1133 3529 con-

337 3563 462 3626 tovere.
483 3564 677 3639 Eaprepter,
700 3562 813 3623 dilecti
837 3562 872 3621 in
899 3563 1038 3623 Domine
1057 3563 1129 3636 tilii,

336 3660 457 3723 restris
469 3660 569 3739 justis
583 3658 862 3737 postulationibus
875 3660 971 3735 grate
986 3676 1130 3723 concur-

336 3761 449 3823 rentes
464 3774 615 3830 assensu,
636 3772 798 3833 personas
812 3758 943 3819 vestras
958 3760 991 3821 et
1010 3758 1130 3836 lecum,

337 3856 371 3917 in
384 3872 448 3932 quo
461 3855 575 3915 divino
586 3854 667 3915 estis
680 3854 838 3931 obsequio
849 3855 1040 3931 mancipati,
1058 3872 1132 3917 cum

337 3952 491 4014 omnibus
501 3950 609 4022 bema,
626 3966 699 4027 quae
711 3951 748 4011 in
761 3952 1014 4029 praesentiarum
1026 3954 1133 4014 ratio-

336 4049 495 4112 nabiliter
523 4047 680 4126 possidet,
713 4049 771 4109 aut
794 4046 829 4108 in
859 4047 1008 4109 futurum
1032 4052 1133 4126 justis

337 4146 456 4219 medis,
472 4146 653 4223 praestante
668 4144 819 4216 Domine,
835 4144 959 4222 poterit
978 4147 1131 4223 adipisci,

338 4244 399 4306 sub
411 4241 500 4305 beati
520 4242 611 4305 Petri
629 4246 662 4304 et
676 4244 790 4305 nestra
805 4243 1010 4320 protectione
1025 4244 1133 4307 susci-

336 4342 457 4425 pimus.
483 4340 681 4417 Speoialitsr
703 4342 826 4414 autem,
851 4341 971 4415 terras,
994 4358 1132 4421 posses-

337 4440 449 4503 siones
468 4439 502 4500 et
522 4438 590 4499 alia
610 4437 697 4497 bona
712 4440 834 4509 vestra,
857 4440 945 4501 sicut
960 4456 1000 4501 ea
1020 4442 1133 4503 emnia

332 4538 434 4617 Juste,
451 4535 611 4597 canonice
627 4550 666 4595 ac
681 4533 818 4611 pacifice
833 4535 1021 4611 possidetis,
1037 4537 1132 4599 vobis

338 4637 371 4697 et
398 4648 458 4713 per
482 4648 542 4694 vos
570 4630 772 4694 monasterio
799 4632 909 4692 vestre
935 4636 1133 4698 auctoritate

336 4730 527 4810 apostoliea
538 4728 782 4799 confirmamus,
793 4731 826 4790 et
835 4730 1009 4806 praesentis
1018 4731 1132 4808 scripti

337 4826 524 4909 patrocinio
539 4825 792 4888 communimus.
812 4826 904 4887 Nulli
924 4843 1003 4903 erge
1018 4829 1131 4890 hemi-

299 4950 308 4988 t
337 4944 416 4994 num
429 4926 530 4987 liceat
544 4925 630 4986 hane
645 4924 801 5001 paginam
819 4926 942 4986 nostrae
960 4927 1134 4989 confirma-

336 5024 439 5087 tionis
452 5024 486 5084 et
497 5020 712 5098 protectionis
724 5020 919 5096 infringere,
932 5022 985 5083 vel
1001 5024 1031 5084 ei
1047 5039 1133 5085 ausu

336 5120 515 5187 temerarie
531 5118 709 5179 contraire.
727 5118 763 5179 Si
776 5118 849 5194 quis
864 5120 974 5180 autom
993 5120 1057 5183 hec
1077 5124 1132 5183 at-

337 5222 468 5282 tentare
487 5216 747 5294 presumpserit,
773 5215 1037 5293 indignationem
1062 5236 1134 5280 om-

336 5314 517 5395 nipotentis
536 5314 608 5385 Dei,
631 5315 664 5375 et
684 5313 857 5377 beatorum
877 5316 969 5377 Petri
988 5316 1021 5377 et
1035 5317 1132 5382 Pauli

337 5412 562 5493 apestolorum
587 5413 670 5488 ejus,
697 5427 733 5472 se
755 5412 886 5473 noverit
906 5412 1130 5476 incursurum.

337 5496 457 5575 Datum
471 5508 638 5581 Laterani,
652 5510 728 5570 Vlll
740 5508 815 5571 idus
830 5508 1029 5585 novembris,
1047 5528 1133 5591 pen-

337 5610 482 5675 tidoatus
497 5607 602 5669 nostri
618 5621 705 5669 anne
721 5606 907 5671 undecimo.

954 304 1129 366 HONORII
1149 307 1194 366 Ill
1216 306 1363 367 OPERA.

1566 472 1601 558 V

1204 623 1256 682 Ad
1270 625 1452 683 utttversos
1469 623 1727 697 crucesignatos
1740 623 1958 682 Lubiceeses.

1442 752 1475 808 le
1488 751 1621 809 novemb.
1640 751 1719 809 1226.

1255 873 1512 938 [llcklenburgisebes
1524 875 1648 934 Urlund,
1661 877 1704 934 lv,
1717 874 1770 932 l98,
1786 888 1813 924 u.
1830 873 1915 938 Μ]

1214 1001 1319 1056 Eorum
1335 997 1458 1057 familias
1475 1008 1503 1058 et
1517 1000 1592 1058 bena
1609 999 1661 1058 sub
1675 1001 1752 1058 beati
1766 1001 1844 1068 Petri
1858 1006 1887 1057 et
1900 1013 1952 1056 sua

1424 1090 1599 1162 protectione
1614 1089 1743 1162 suscipit.

1226 1205 1392 1266 Honorius
1401 1206 1585 1282 episcopus,
1597 1221 1713 1267 servus
1728 1220 1900 1267 serverum
1908 1205 1980 1276 Dei,

1186 1299 1316 1362 dilectis
1336 1302 1414 1362 illiis
1436 1304 1602 1365 universis
1623 1302 1864 1378 crucesignatis
1880 1301 1983 1362 Lubi-

1186 1398 1353 1468 censibus,
1372 1399 1512 1461 salutem
1531 1401 1564 1463 et
1577 1401 1802 1477 apostolicam
1820 1399 1983 1460 benedic-

1185 1496 1321 1556 tionem.

1227 1595 1446 1656 sacrosancta
1461 1597 1611 1658 Romana
1630 1595 1779 1658 Ecclesia
1798 1594 1935 1656 devotos
1950 1597 1983 1655 et

1185 1689 1328 1751 humiles
1344 1707 1386 1752 ex
1402 1692 1544 1754 assuetae
1559 1693 1691 1770 pietatis
1706 1691 1816 1754 efficio
1834 1707 1983 1769 prepen-

1186 1786 1256 1847 sius
1269 1787 1408 1863 diligere
1423 1789 1605 1862 consuevit,
1618 1790 1661 1862 et,
1677 1805 1719 1850 ne
1733 1805 1911 1866 pravorum
1926 1788 1983 1849 he-

1185 1884 1312 1945 minum
1343 1885 1504 1947 molestiis
1526 1886 1705 1962 agitentur,
1735 1902 1793 1948 ees
1822 1889 1983 1964 tanquam

1186 1981 1240 2057 pia
1254 1982 1360 2043 mater
1379 1998 1448 2046 suae
1463 1983 1679 2060 protectionis
1695 1983 1879 2046 munimine
1899 1999 1983 2044 cen-

1186 2078 1309 2140 sovere.
1331 2082 1411 2142 Cum
1433 2079 1536 2158 igitur
1551 2083 1622 2144 zelo
1643 2081 1720 2142 fidei
1740 2097 1779 2144 ao
1795 2080 1983 2143 devotionis

1186 2177 1330 2250 accensi,
1356 2178 1451 2254 signo
1479 2179 1620 2241 vivificae
1655 2179 1764 2241 crucis
1797 2177 1979 2255 assumpto,

1186 2276 1424 2349 proposueritis
1448 2275 1483 2338 in
1504 2279 1614 2340 Terrae
1641 2278 1770 2338 Sanctae
1793 2275 1980 2336 subsidium

1084 2417 1091 2426 .
1187 2371 1363 2447 proticisci,
1389 2389 1461 2448 nes,
1487 2374 1610 2435 vestris
1634 2373 1788 2452 precibus
1817 2373 1982 2446 inclinati,

1186 2484 1358 2545 personas,
1383 2469 1529 2532 familias
1554 2472 1587 2533 at
1611 2471 1722 2533 omnia
1746 2470 1833 2532 bena
1856 2475 1980 2544 vestra,

1187 2583 1260 2643 quae
1281 2567 1586 2644 inpraesentiarum
1608 2567 1854 2630 rationabiliter
1869 2570 1981 2646 pessi-

1186 2663 1282 2736 detis,
1301 2665 1362 2725 sub
1374 2665 1463 2727 beati
1479 2667 1569 2727 Petri
1591 2667 1757 2728 sinestra
1776 2667 1983 2742 protectione

1186 2762 1396 2838 suscipimus,
1418 2762 1451 2824 et
1465 2765 1639 2840 praesentis
1659 2763 1775 2840 scripti
1795 2764 1983 2840 patrocinio

1186 2861 1444 2935 communimus3
1467 2860 1660 2933 statuentes,
1682 2863 1728 2934 ut,
1753 2864 1925 2938 postquam
1946 2861 1983 2921 in

1186 2956 1337 3034 proximo
1352 2957 1502 3033 generali
1520 2957 1676 3034 passagio
1694 2958 1758 3020 iter
1772 2959 1983 3036 arripueritis

1186 3055 1458 3125 transmarinum,
1476 3053 1581 3116 donee
1601 3055 1641 3116 de
1662 3058 1775 3117 vestro
1799 3055 1906 3117 reditu
1928 3055 1982 3117 vel

1187 3150 1278 3212 obitu
1303 3151 1490 3215 certissime
1524 3156 1754 3231 cognoscatur,
1778 3153 1839 3217 sub
1867 3151 1984 3215 deien-

1187 3248 1281 3310 siene
1307 3250 1507 3327 Apostolieae
1532 3252 1626 3313 Sedis
1652 3269 1691 3314 ea
1716 3253 1828 3316 omnia
1851 3252 1980 3327 integra

1188 3347 1345 3408 maneant
1363 3350 1396 3409 et
1410 3348 1533 3427 quieta.
1552 3350 1644 3409 Nulli
1664 3366 1743 3427 erge
1761 3350 1895 3412 omnine
1916 3350 1980 3411 be-

1186 3445 1313 3506 minum
1326 3445 1426 3507 liceat
1440 3446 1527 3509 hanc
1541 3447 1698 3523 paginam
1713 3450 1836 3511 nestrae
1849 3450 1980 3525 pretec-

1187 3542 1287 3603 tienis
1298 3542 1492 3619 intringere,
1508 3544 1559 3606 vel
1571 3544 1602 3605 ei
1614 3560 1698 3605 ausu
1711 3546 1890 3606 temerarie
1902 3561 1983 3605 con-

1186 3640 1300 3701 traire.
1323 3640 1356 3701 Si
1379 3640 1453 3717 quis
1482 3641 1593 3703 autem
1615 3642 1678 3703 hec
1706 3644 1871 3704 attentare
1896 3659 1983 3721 prae-

1187 3736 1376 3813 sumpserit,
1390 3738 1652 3813 indignationem
1664 3740 1899 3817 omnipotentis
1910 3740 1979 3811 Dei,

1188 3834 1221 3895 et
1245 3833 1416 3897 beatorum
1444 3836 1536 3897 Petri
1562 3838 1595 3897 et
1629 3836 1726 3897 Pauli
1756 3836 1982 3913 apostolerum

1187 3935 1271 4009 ejus
1289 3947 1324 3993 se
1343 3932 1474 3995 noverit
1494 3933 1718 3995 incursurum.
1741 3935 1861 3995 Datum
1880 3936 1980 4015 Late-

1187 4028 1272 4101 rani,
1289 4032 1364 4090 XVI
1379 4030 1540 4091 kalendas
1558 4030 1753 4105 decembris,
1771 4032 1982 4111 pontificatus

1187 4127 1293 4188 nostri
1308 4142 1395 4189 anne
1411 4128 1598 4191 undecimo.

1556 4316 1611 4403 VI

1239 4468 1292 4527 Ad
1310 4467 1542 4527 zuirinensem
1557 4466 1591 4527 et
1609 4469 1931 4543 nmeceuroenaem

1492 4566 1677 4639 eptscopos.

1444 4693 1477 4750 le
1491 4694 1625 4750 novemb.
1644 4695 1723 4753 1226.

1259 4814 1515 4881 [llelslenburgiscbes
1527 4818 1654 4877 llrlmnd„
1669 4818 1711 4878 lV,
1725 4818 1779 4879 les,
1790 4834 1815 4869 n.
1827 4820 1911 4886 seen]

1188 4932 1236 4988 Eis
1250 4930 1367 4989 mandat
1379 4946 1416 4989 ne
1430 4934 1596 5005 permittant
1606 4941 1637 4990 ut
1648 4935 1775 4991 universi
1789 4936 1982 5009 crucesignati

1223 5018 1406 5088 lubinenses,
1423 5021 1470 5093 qui
1491 5029 1700 5095 preposuerunt
1714 5023 1743 5079 iu
1762 5025 1856 5080 Terrae
1871 5026 1983 5083 Sanctae

1222 5106 1381 5165 subsidium
1400 5109 1551 5182 proticisci,
1573 5120 1672 5169 centra
1697 5113 1880 5183 protectionis
1902 5113 1984 5171 Sedis

1222 5194 1393 5267 Apostolicae
1404 5206 1533 5257 tenerem
1546 5198 1581 5257 ab
1596 5201 1735 5273 aliquibus
1750 5200 1946 5261 molestentur.

1228 5325 1900 5403 Honoriusepiscopus,servusserverum
1910 5330 1981 5403 Dei,

1186 5420 1433 5483 venerabilibus
1450 5422 1607 5485 iratribus
1625 5422 1856 5503 [Brunvvardo]
1882 5427 1983 5486 zuri-

1188 5518 1283 5579 nensi
1296 5519 1329 5581 et
1342 5516 1511 5601 [ilenrico]
1523 5521 1981 5601 Racheburgensiepiscepis,

1188 5613 1329 5677 salutem
1344 5618 1376 5681 et
1388 5618 1610 5695 apostolicam
1625 5619 1901 5682 benedictionem.
