4217 6400
267 352 269 357 ’
302 377 358 438 ru

341 543 470 616 Quanto
496 545 692 621 propensius
716 542 932 606 ecelesiarum
959 527 1094 606 deside·

300 657 414 702 ramus
427 643 651 717 augmentum,
670 643 703 702 et
721 641 955 702 haereticorum
976 643 1092 701 exter-

301 739 441 802 minium
463 738 644 815 studiosius
667 754 896 814 procuramus,
922 739 1016 798 tanto
1038 753 1090 803 ea,

207 864 212 872 s
301 850 376 912 quae
409 836 524 896 nostro
563 836 795 898 convenientia
829 834 994 896 desiderio
1028 835 1093 894 rite

301 931 396 1002 flunt,
415 929 573 992 libentius
592 934 814 1007 acceptantes,
829 931 882 990 his
895 931 997 991 robur
1012 945 1092 1006 per-

300 1031 408 1105 petuae
423 1028 590 1092 firmitatis
609 1028 796 1104 adticimus,
819 1028 965 1088 maxime
979 1026 1094 1102 requi-

301 1124 368 1186 siti.
402 1127 607 1200 Eapropter,
641 1125 762 1186 vestris
793 1123 1093 1200 supplicationibus

300 1222 397 1296 grato
429 1222 667 1281 concurrentes
692 1236 851 1292 assensu,
881 1221 1026 1281 castrum
1051 1219 1093 1279 de

301 1320 429 1392 Posega
439 1317 732 1393 compertinentiis
745 1317 827 1388 suis,
835 1316 921 1393 quod
933 1318 980 1387 tu,
991 1315 1094 1376 irater

300 1413 563 1490 archiepiscope,
570 1414 612 1473 ad
630 1429 712 1490 opus
727 1414 878 1474 ecclesiae
890 1413 1091 1480 colocensis,

301 1509 492 1587 specialiter
506 1525 566 1586 pro
578 1511 745 1572 haereticis
759 1509 800 1572 de
810 1510 932 1570 linibus
946 1510 1016 1571 illis
1028 1525 1093 1585 pe-

300 1608 391 1669 nitus
414 1607 653 1686 profligandis,
685 1607 870 1668 carissimis
900 1607 936 1666 in
961 1607 1093 1668 Christo

302 1703 392 1775 liliis,
405 1719 484 1778 rege
494 1704 685 1779 Hungariae,
696 1705 729 1765 et
742 1707 778 1764 B.
788 1706 817 1780 ej
823 1721 860 1764 us
872 1703 1093 1781 primogenito

300 1801 600 1870 consentientibus,
628 1801 716 1862 sicut
736 1801 877 1876 apparet
903 1815 946 1860 ex
971 1800 1093 1860 litteris

300 1897 502 1968 eorumdem,
518 1912 578 1972 pro
592 1899 683 1958 certa
693 1911 824 1957 summa
837 1897 998 1973 pecuniae,
1015 1895 1092 1956 dato

299 1994 399 2055 etiam
418 1994 542 2070 praedio
558 1993 598 2054 de
613 1994 865 2065 Ernesumulua,
890 1993 977 2069 quod
998 1992 1039 2052 ad
1060 1994 1092 2053 te

295 2093 373 2167 jure
401 2089 572 2166 spectabat
599 2090 837 2161 haereditario,
867 2089 1090 2164 comparasti,

299 2187 386 2248 sicut
401 2187 483 2246 illud
496 2189 586 2263 Juste
598 2186 784 2262 aepacilioe
794 2186 983 2262 possidetis,
997 2186 1092 2246 vobis

299 2284 333 2343 et
353 2297 414 2357 per
436 2297 497 2342 vos
525 2282 675 2342 ecclesiae
696 2283 870 2343 colocensi
893 2282 1092 2344 auctoritate

297 2378 488 2454 apostolica
500 2378 735 2439 confirmamus
745 2379 960 2454 etpraesentis
975 2379 1091 2454 scripti

297 2475 484 2553 patrocinio
505 2475 759 2535 communimus.
781 2476 874 2536 Nulli
895 2490 988 2550 ergo,
1013 2479 1089 2546 eto,

297 2573 422 2632 nostrae
445 2572 728 2643 confirmationis,
763 2572 826 2633 etc.
855 2573 891 2632 Sl
919 2573 994 2649 quis
1025 2587 1090 2632 au-

297 2669 377 2740 tem,
393 2669 456 2730 etc.
470 2671 588 2730 Datum
602 2668 769 2737 Laterani,
783 2667 829 2730 Ill
842 2669 918 2730 idus
926 2669 1089 2746 januarii,

298 2765 511 2841 pontificatus
530 2766 637 2826 nostri
651 2781 740 2827 anno
754 2765 941 2829 undecimo.

663 3012 731 3100 xl

297 3161 351 3221 Ad
363 3163 636 3235 archiepiscopos
649 3161 684 3221 et
702 3163 887 3236 episcopos,
902 3161 1044 3222 comites
1059 3161 1091 3223 ei

351 3260 497 3318 harmies
506 3260 809 3332 persuasoriam
823 3258 1037 3319 constitutos.

560 3388 591 3444 ll
609 3388 734 3461 januarii
754 3389 832 3450 1227.

375 3510 514 3577 [Theium.
532 3510 600 3561 Mon,
617 3510 796 3572 ilibemorurn,
808 3512 830 3571 1,
847 3512 887 3570 71,
902 3526 929 3564 u.
947 3511 1013 3581 lin]

299 3625 383 3699 Regi,
400 3626 535 3699 prelatis,
550 3624 704 3691 comitibus
715 3633 746 3683 st
758 3626 913 3687 baronibus
924 3628 1089 3701 hungarie,

333 3722 366 3773 nt
377 3728 434 3772 uua
449 3728 514 3775 cum
530 3714 702 3789 imperatore
715 3715 910 3774 Romanorum
923 3715 961 3775 ad
975 3718 1090 3777 Terram

331 3804 469 3863 Sanctam
481 3802 659 3859 liberandam
674 3802 866 3866 transfretent.

337 3935 507 3997 Honorius
533 3935 720 4011 episcopus,
748 3937 825 4002 etc„
844 3936 1091 3999 venerabilibus

298 4032 457 4093 matribus
487 4032 748 4107 archiepiscopis
776 4034 810 4093 et
834 4033 1022 4109 episcopis,
1052 4050 1092 4095 ac

298 4129 430 4190 dilectis
454 4128 534 4189 liliis
560 4129 726 4189 nobilibus
753 4130 836 4190 siris
857 4130 1033 4191 comitibus
1059 4134 1093 4193 et

298 4225 479 4286 baronibus
500 4242 559 4301 per
582 4226 788 4302 Hungariam
807 4227 1007 4300 constitutis,
1031 4246 1092 4290 sa·-

298 4323 411 4393 lutem,
432 4323 497 4383 eto.

890 373 893 377 ’
916 377 1094 438 HONORII
1115 377 1161 437 111
1182 376 1329 438 OPERA.

1879 373 1938 436 172

1147 544 1224 604 aliis
1246 543 1378 620 magnis
1401 541 1582 636 arduisque
1602 542 1754 618 negotiis
1771 543 1841 604 tum
1855 557 1936 620 spe-

1148 641 1279 704 cialiter
1292 641 1333 701 ad
1356 641 1534 704 sedandam
1548 641 1723 718 quamdam
1737 639 1937 702 discordiam

1148 738 1368 814 interipsum
1397 737 1629 816 imperatorem
1662 737 1695 798 et
1735 735 1937 798 Lombardos

1147 836 1307 906 exortam,
1332 833 1427 894 nobis
1447 837 1520 895 erat
1539 835 1717 910 plurimum
1738 835 1935 909 opportuna.

1148 933 1227 990 Cum
1247 932 1351 1005 igitur
1370 947 1470 1007 super
1495 931 1567 1006 ipsa
1595 930 1761 991 discordia
1783 946 1843 1007 per
1866 932 1940 991 stu-

1148 1027 1237 1088 dium
1249 1030 1410 1097 nostrum,
1424 1030 1535 1089 actore
1546 1027 1637 1104 pacis
1648 1029 1715 1088 Deo
1725 1028 1937 1102 cooperante,

1148 1123 1326 1187 salubriter
1341 1125 1385 1186 sit
1402 1125 1581 1200 provisum,
1605 1127 1638 1186 et
1664 1123 1734 1200 ipse
1757 1123 1940 1198 imperator

1148 1221 1188 1284 ad
1203 1221 1484 1284 transfretandum
1501 1221 1581 1282 illuc
1596 1221 1630 1282 in
1647 1220 1782 1284 instanti
1797 1221 1940 1296 augusto

1149 1318 1344 1394 magnifice,
1356 1321 1454 1395 prout
1476 1317 1683 1394 imperialem
1706 1317 1801 1378 decet
1825 1316 1941 1378 excel-

1148 1415 1294 1486 lentiam,
1314 1431 1350 1476 se
1362 1416 1525 1490 accingat,
1542 1414 1787 1476 multitudinem
1802 1415 1939 1473 navium

1148 1513 1180 1574 et
1196 1511 1274 1581 alia,
1291 1527 1363 1588 quae
1378 1513 1470 1572 tanto
1494 1511 1626 1586 negotio
1648 1511 1845 1587 congruunt,
1867 1509 1941 1570 stu-

1148 1609 1336 1669 diosissime
1352 1607 1580 1685 praeparandO,
1605 1609 1691 1673 sicut
1710 1623 1749 1668 eo
1770 1605 1865 1668 nobis
1879 1623 1941 1684 per

1148 1707 1313 1766 solemnes
1334 1705 1467 1766 nuntios
1482 1708 1514 1766 et
1527 1705 1656 1767 litteras
1676 1704 1850 1768 intimante
1875 1703 1938 1764 lae-

1148 1805 1254 1863 tantes
1283 1802 1489 1875 audivimus,
1517 1803 1550 1862 et
1577 1802 1649 1877 ipsa
1675 1801 1725 1860 rei
1754 1799 1937 1872 evidentia,

1148 1901 1244 1975 prout
1261 1898 1301 1960 ab
1320 1899 1372 1959 his
1394 1901 1450 1976 qui
1474 1897 1639 1969 uiderunt,
1666 1897 1838 1968 asseritur,
1868 1897 1941 1957 cla-

1148 1997 1217 2056 rius
1252 1995 1465 2072 manlsestat3
1494 1999 1666 2072 sperantes
1698 1995 1821 2072 itaque,
1851 1993 1938 2070 quod

1148 2095 1233 2154 neus
1256 2109 1438 2168 exsurgens
1452 2091 1606 2170 judicare
1623 2091 1785 2168 disposuit
1802 2105 1939 2152 causam

1147 2205 1250 2262 suam,
1276 2191 1308 2251 et
1329 2189 1513 2252 Jerusalem
1536 2189 1621 2252 sicut
1645 2187 1761 2250 diebus
1787 2187 1939 2266 pristinis

1146 2289 1356 2360 instaurare,
1385 2287 1636 2347 uniuersitatem
1665 2287 1810 2348 vestram
1838 2299 1940 2360 roga-

1147 2401 1231 2456 muS,
1261 2401 1431 2446 monemus
1456 2385 1488 2444 et
1513 2384 1724 2466 obsecramus
1746 2383 1781 2442 in
1799 2382 1939 2446 Domino

1146 2483 1225 2543 Jesu
1259 2481 1409 2552 Christo,
1454 2495 1493 2540 ac
1527 2495 1586 2557 per
1618 2479 1808 2556 apostolica
1842 2477 1938 2539 vobis

1147 2579 1270 2656 scripta
1294 2579 1501 2650 mandamus
1523 2578 1555 2640 et
1578 2575 1862 2638 inremissionem
1885 2575 1939 2635 in-

1142 2675 1313 2752 jungimus
1335 2677 1556 2752 peccatorum,
1582 2675 1744 2750 qnatenus
1766 2674 1837 2736 zelo
1861 2671 1938 2732 fidel

1147 2788 1185 2833 ac
1207 2771 1392 2834 devotionis
1408 2775 1539 2836 accensi
1556 2785 1614 2848 pro
1629 2773 1708 2832 Jesu
1726 2769 1849 2834 Christi
1866 2771 1937 2830 lte-

1147 2869 1327 2948 demptoris
1349 2869 1454 2930 nostri
1481 2883 1594 2928 amore
1611 2867 1738 2946 pariter
1752 2867 1785 2928 et
1805 2867 1936 2939 timore,

1147 2983 1274 3028 necnon
1293 2982 1352 3044 pro
1376 2965 1503 3026 honore
1522 2962 1705 3043 imperialis
1730 2963 1938 3024 celsitudinis

1147 3066 1179 3124 et
1198 3063 1341 3139 imperii,
1358 3061 1404 3125 ita
1419 3078 1479 3123 vos
1503 3061 1542 3121 ad
1562 3062 1667 3138 ipsius
1681 3063 1793 3122 Terrae
1808 3061 1938 3123 Sanctae

1147 3161 1329 3221 subsidium
1354 3159 1559 3237 praeparetis,
1582 3159 1668 3237 quod
1698 3157 1765 3235 illi,
1792 3159 1848 3239 qui
1865 3160 1937 3235 jam

1148 3258 1257 3319 crucis
1290 3238 1507 3335 susceperunt
1536 3256 1765 3333 signaculum,
1795 3258 1828 3317 et
1855 3256 1936 3325 alii,

1148 3355 1266 3432 quibus
1294 3355 1327 3415 id
1353 3355 1467 3415 divina
1488 3354 1595 3433 gratia
1617 3352 1805 3430 inspirabit,
1832 3352 1867 3411 in
1883 3352 1940 3411 in·

1147 3453 1247 3513 stanti
1270 3453 1430 3529 augusto,
1457 3467 1521 3531 quo
1554 3450 1711 3529 generale
1743 3449 1939 3527 passagium

1147 3552 1197 3611 est
1224 3548 1402 3615 indictum,
1428 3564 1494 3625 una
1523 3564 1597 3609 cum
1621 3548 1694 3625 ipso
1714 3547 1937 3623 imperatore,

1147 3648 1214 3709 Deo
1232 3646 1325 3717 duce,
1347 3646 1481 3705 valeant
1503 3644 1720 3707 transfretare
1735 3642 1776 3704 ad.
1793 3642 1937 3717 laudem,

1148 3743 1306 3805 honorem
1327 3744 1360 3803 et
1378 3742 1520 3817 gloriam
1542 3741 1685 3802 nominis
1705 3740 1882 3801 christiani
1907 3740 1941 3801 et

1148 3856 1282 3899 suarum
1306 3838 1486 3899 remedium
1510 3840 1708 3898 animarum.
1727 3836 1857 3898 Dictum
1878 3852 1941 3896 au-

1146 3939 1212 3997 tem
1232 3936 1437 4010 magistrum,
1454 3934 1510 4012 qui
1532 3934 1609 3995 huic
1637 3934 1769 4010 negotio
1793 3933 1940 3995 totaliter

1148 4049 1184 4093 se
1198 4032 1370 4109 impendii,
1391 4034 1424 4093 et
1437 4032 1568 4095 taudem
1582 4030 1622 4093 ad
1638 4047 1697 4092 vos
1718 4030 1937 4107 propterhoc,

1148 4130 1279 4190 omissis
1294 4130 1370 4189 aliis
1385 4128 1527 4205 negotiis
1542 4132 1574 4190 et
1589 4128 1832 4204 impedimentis
1842 4142 1940 4188 exsu-

1147 4226 1281 4305 peratis,
1303 4226 1440 4296 acoedit,
1457 4224 1666 4286 universitati
1681 4226 1800 4285 vestrae
1811 4224 1941 4284 studio-

1148 4322 1278 4383 sissime
1289 4322 1669 4398 commendamus,cujhs
1679 4320 1890 4397 prudentiam
1906 4320 1939 4381 et

333 4417 576 4481 Pridemvobis
587 4417 1090 4500 signilloamerecolimus,qnod
1147 4420 1236 4481 circa
1252 4420 1360 4495 ipsum
1376 4420 1544 4493 negotium
1565 4420 1676 4479 Terrae
1700 4419 1829 4480 Sanctae
1843 4416 1938 4478 vobis

299 4516 472 4580 carissimo
493 4517 529 4576 in
544 4515 678 4576 Christo
694 4515 763 4575 illio
782 4520 897 4577 nostro
915 4521 950 4578 F.
967 4520 1091 4581 illustri
1148 4529 1315 4589 exponere
1331 4529 1389 4573 seu
1405 4512 1637 4577 commendare
1657 4510 1862 4588 superfluum
1883 4526 1939 4572 re-

299 4618 522 4677 Romanorum
541 4612 742 4688 imperatore
763 4628 894 4690 semper
906 4620 1047 4690 augusto
1060 4620 1093 4679 et
1147 4611 1346 4685 putavimus,
1357 4624 1432 4671 cum
1448 4608 1629 4670 laudabilia
1644 4609 1732 4671 iacta
1746 4612 1818 4685 ejus
1829 4609 1938 4685 ipsum

299 4727 377 4788 rege
394 4710 528 4780 Siciliae,
545 4724 591 4779 se,
607 4705 694 4770 sicut
713 4708 808 4769 nobis
829 4725 891 4785 per
911 4727 990 4771 suas
1003 4713 1093 4774 litte·
1147 4706 1277 4768 abunde
1308 4706 1478 4767 notificent
1497 4709 1530 4766 et
1554 4706 1793 4767 commendent.
1820 4706 1938 4766 Datum

298 4825 354 4869 ras
373 4810 406 4869 et
421 4807 555 4867 nuntios
573 4804 796 4879 intimaverat,
813 4808 989 4883 magnifice
1001 4826 1091 4886 prae-
1146 4802 1316 4876 Laterani,
1330 4804 1375 4862 Ill
1391 4801 1465 4863 idus
1475 4802 1636 4879 januarii,
1651 4818 1738 4865 anno
1749 4802 1936 4863 undecimo.

299 4906 438 4982 parante
457 4904 498 4964 ad
513 4906 662 4973 Terram,
680 4903 715 4962 in
730 4919 793 4979 qua
818 4906 904 4964 Deus
924 4910 1037 4968 noster
1059 4910 1092 4969 et

298 5001 458 5063 Dominus
485 5003 584 5061 Jesus
612 5000 764 5061 Christus
789 5002 924 5076 generis
953 5002 1089 5065 humani
1189 5002 1228 5059 lu
1242 5000 1399 5076 stimulent
1413 5002 1555 5059 modeim
1568 5000 1606 5059 h.
1621 4997 1744 5059 illustri
1760 4998 1833 5073 regi
1848 5000 1938 5059 Hun-

298 5098 439 5160 salutem
466 5096 728 5160 misericorditer
764 5098 898 5175 operari
934 5099 1089 5179 dignatus
1145 5094 1248 5170 garico
1263 5095 1589 5169 usqueinstaurar03
1605 5094 1939 5171 tequlabolimsus-

298 5197 359 5267 est,
377 5194 417 5255 de
431 5192 616 5255 infidelium
627 5194 781 5254 manibus
797 5194 1015 5269 liberandam,
1030 5214 1090 5260 nos
1146 5194 1240 5267 cepio
1256 5192 1366 5252 crucis
1386 5192 1559 5267 signaculo
1576 5192 1627 5252 illi
1642 5192 1786 5254 militare
1800 5193 1935 5263 novisti,

299 5293 455 5354 dilectum
477 5290 582 5351 illium
604 5290 799 5367 magistrum
823 5290 940 5354 domus
960 5296 1089 5357 Sanctae
1146 5288 1202 5365 qui
1223 5303 1283 5364 Pro
1297 5290 1330 5349 ῖθ
1346 5288 1378 5348 in
1395 5289 1504 5348 crucis
1519 5288 1666 5365 patibulo
1685 5288 1851 5360 militavit,
1876 5304 1937 5350 1¹0·

298 5389 414 5450 Mariae
444 5386 723 5447 Theutonicorum
759 5404 819 5464 pro
848 5389 954 5465 ipsius
977 5394 1089 5453 Terrae
1145 5402 1272 5461 gamus,
1297 5399 1468 5446 monemus
1491 5389 1524 5448 et
1544 5386 1717 5447 hortamur
1738 5389 1874 5459 attente,
1897 5402 1938 5448 ac

298 5485 508 5564 procurando
519 5497 691 5555 succursu,
708 5484 748 5544 ad
772 5486 882 5560 partes
895 5486 1089 5549 Theutoniae
1146 5498 1205 5558 per
1233 5484 1462 5558 aspersionem
1496 5484 1669 5559 sanguinis
1701 5487 1781 5547 lesu
1813 5486 1936 5547 Christi

295 5583 509 5644 festinantem
532 5580 735 5642 duxeramus
754 5581 926 5658 aliquanto
941 5584 1089 5659 tempore
1145 5578 1364 5639 nihilominus
1388 5580 1615 5653 exhortantes,
1642 5585 1805 5659 quatenus
1823 5582 1939 5643 taliter

295 5678 515 5752 retinendum,
530 5694 570 5740 eo
580 5678 666 5756 qued
680 5682 753 5756 eius
768 5679 932 5741 industria
945 5681 1015 5742 tum
1028 5696 1089 5758 pru
1145 5692 1336 5755 praeparare
1346 5680 1380 5741 te
1392 5679 1537 5751 strideas,
1553 5680 1640 5757 quod
1661 5680 1695 5739 in
1717 5680 1857 5742 instanti
1869 5692 1936 5743 au·
