4217 6400
150 263 206 324 101

147 420 280 498 potente
290 421 461 484 debilitato
476 425 513 483 tu
525 438 651 499 posses
667 425 786 500 Arguit
799 425 890 485 enim
905 423 942 483 il·

147 517 217 579 lum
228 535 290 580 sua
302 521 441 591 malitia,
457 536 583 597 suaque
597 521 731 582 aversio
744 522 939 597 increpavit,

146 616 304 692 quoniam
316 617 408 691 justo
424 617 485 678 Dei
495 618 622 693 judicio
637 618 770 694 propria
785 618 939 694 perdidit,

146 713 205 789 qui
219 727 321 775 avare
334 714 507 792 cupiverat
520 715 631 776 aliena
648 736 655 774 ε
670 717 702 776 31
715 717 763 786 tu,
777 716 832 776 cui
846 716 941 790 regni

147 809 198 871 tui
212 811 270 871 vix
281 811 430 872 extrema
443 811 683 884 remanserant,
700 812 792 873 illius
806 812 941 874 omnino

146 906 324 982 imperium
338 907 516 969 obtineres.
528 911 608 970 Haec
622 909 736 986 utique
749 909 867 970 salutis
880 924 939 970 ra-

144 1003 257 1064 media
276 1019 351 1064 cum
369 1005 497 1066 auxilio
511 1006 709 1082 principum,
725 1005 847 1068 divinae
862 1021 941 1082 pro-

145 1099 306 1162 videntiae
335 1100 457 1163 virtute
478 1101 683 1178 praeambula
708 1102 769 1163 tibi
796 1103 941 1179 providit

145 1199 254 1258 mater
275 1198 435 1269 Ecclesia,
451 1199 532 1260 talia
559 1199 721 1262 beneficio
743 1215 845 1276 puero
860 1215 941 1260 con-

144 1295 223 1356 tulit
235 1295 269 1357 et
281 1295 404 1357 adulto.
422 1296 506 1367 Quid
519 1296 607 1358 ultra
618 1297 680 1358 tibi
696 1297 806 1358 facere
821 1296 937 1374 potuit,

146 1392 180 1452 et
191 1408 258 1452 non
272 1391 359 1464 fecit,
377 1393 418 1454 de
432 1393 702 1469 contingentibus
712 1394 760 1454 nil
770 1394 938 1461 omittens,

146 1491 180 1550 et
194 1505 235 1550 ea
245 1489 396 1551 etiamad
406 1505 480 1566 quae
493 1490 746 1553 contenebatur
760 1491 940 1566 adjiciens?

145 1586 309 1648 Miramur
329 1588 450 1659 autem,
476 1587 563 1665 quod
580 1588 615 1648 in
644 1588 697 1648 his
716 1589 791 1649 tuos
806 1587 938 1648 labores

146 1698 396 1757 commemoras,
418 1684 532 1746 dicens
554 1686 588 1747 te
607 1684 701 1746 dubii
728 1701 826 1746 casus
852 1684 940 1746 facta

145 1782 307 1852 secutum,
323 1781 380 1858 qui
393 1784 531 1844 vocatus
541 1782 582 1843 ad
594 1782 694 1854 33113,
712 1782 939 1843 laborantibus

144 1878 233 1950 aliis,
249 1878 285 1939 in
307 1878 440 1941 labores
465 1880 605 1942 alterius
627 1880 783 1952 introisti,
811 1880 939 1941 metens

144 1992 218 2053 quae
232 1992 300 2038 non
323 1976 507 2048 seminasti,
528 1978 561 2039 et
576 1977 736 2053 colligens
759 1976 940 2054 proculdu-

144 2072 200 2137 bio
214 2089 289 2150 quae
303 2089 371 2134 non
387 2074 551 2150 sparsisti.

182 2187 204 2232 c
228 2171 376 2248 Denique
392 2171 538 2233 defuncti
560 2170 697 2248 fatigata
718 2187 862 2248 persona
876 2186 939 2231 1ο-

143 2269 248 2329 stram
270 2269 328 2330 tua
352 2284 418 2328 non
445 2268 628 2344 praeterivit
652 2269 808 2340 invectio,
828 2269 937 2328 minus

143 2364 323 2440 diligenter
336 2365 563 2438 considerans,
586 2365 672 2442 quod
692 2381 764 2436 nos,
779 2365 835 2442 qui
851 2380 938 2440 prae-

144 2461 314 2523 decessori
333 2461 502 2538 predicto,
520 2461 606 2538 quod
633 2461 674 2523 ad
688 2462 848 2524 utilitates
862 2463 937 2525 tuas

144 2558 321 2620 affectione
331 2559 484 2636 plenaria
498 2559 724 2632 succedentes,
736 2559 778 2620 ad
790 2559 839 2620 tui
852 2574 935 2619 con-

142 2657 397 2718 summationem
409 2657 547 2718 bonuris
561 2657 713 2732 patenter
725 2655 890 2718 astitimus
904 2654 939 2716 et

141 2752 305 2829 potenter,
329 2754 442 2814 nostro
467 2753 504 2816 in
527 2753 641 2815 multis
669 2751 885 2824 detraximus,
901 2752 937 2812 ut

140 2849 201 2910 tuo
215 2848 436 2925 adjiceremus
453 2850 585 2922 honori,
601 2849 681 2910 facti
695 2848 936 2926 quodammodo

140 2945 239 3007 famae
264 2948 387 3008 nostrae
411 2946 554 3022 prodigi,
569 2949 636 3009 tuae
657 2946 760 3023 parci.
788 2945 851 3008 Sed
875 2961 935 3022 pro

140 3043 228 3115 istis,
245 3044 278 3105 et
287 3044 367 3104 aliis
380 3043 443 3106 bac
453 3043 549 3106 nobis
563 3043 782 3106 retributione
796 3059 936 3120 respou-

141 3139 210 3213 des,
228 3141 306 3219 quia
327 3141 411 3203 dicis
429 3144 486 3219 jus
500 3141 635 3218 regibus
657 3141 781 3204 Siciliae
796 3142 831 3203 in
846 3141 937 3203 elec-

140 3237 288 3301 tionibus
301 3239 526 3315 praelatorum,
537 3240 625 3301 sicut
636 3240 771 3312 asseris,
787 3238 934 3301 debitum

140 3352 185 3397 ex
199 3335 347 3413 antiquo,
372 3335 497 3398 nostris
514 3335 811 3398 constitutionibus
825 3337 935 3398 mino-

140 3434 222 3493 rari.
236 3436 359 3497 Verum
374 3434 405 3495 si
419 3434 543 3511 scripta
556 3436 625 3505 tua,
638 3434 671 3495 at
684 3432 857 3509 genitricis
867 3433 933 3496 tuae

139 3546 242 3592 manu
254 3531 488 3593 sollicitudinis
509 3531 721 3604 revolvisses,
745 3532 774 3591 si
795 3533 933 3594 sancto-

138 3643 214 3689 rum
229 3629 330 3690 etiam
353 3630 484 3706 patrum
501 3629 760 3691 constitutiones
774 3629 931 3690 adverte-

138 3741 206 3797 res,
223 3740 290 3786 131
305 3726 458 3803 culpares
469 3726 651 3788 Ecclesiam
666 3727 756 3789 circa
770 3726 933 3789 defensio-

137 3838 216 3884 nem
235 3823 470 3887 ecclesiasticae
495 3822 669 3897 libertatis,
686 3840 761 3885 cum
786 3841 852 3886 non
867 3824 930 3884 de-

137 3919 217 3981 beat
247 3921 288 3981 de
321 3921 555 3996 prosecutione
593 3922 746 3983 mordere
777 3922 928 3999 justitiae,

138 4017 195 4093 qui
206 4017 405 4078 contendere
418 4018 536 4077 nititur
549 4018 588 4078 de
601 4017 716 4078 abusu.
734 4020 931 4079 1133311311-

139 4128 241 4188 super
255 4127 328 4184 nos,
351 4112 473 4189 praeter
488 4112 628 4173 formam
644 4115 862 4175 communiter
874 4131 931 4175 re-

139 4210 307 4287 quisitam,
329 4210 362 4271 ta
383 4208 584 4281 inconsulto,
606 4209 802 4286 quibusdam
816 4212 931 4271 Eccle-

138 4307 200 4369 siis
212 4308 308 4383 regni
322 4306 518 4369 vacantibus
544 4308 733 4383 praefecisse
756 4322 927 4383 personas.

137 4404 201 4465 Sed
217 4420 291 4480 quaa
310 4404 353 4466 sit
373 4403 432 4463 illa
454 4402 563 4464 forma·
586 4404 763 4475 nescimus,
780 4420 854 4480 quae
868 4418 929 4479 pro

136 4502 228 4563 certo
242 4501 342 4561 nimis
354 4504 442 4563 esset
454 4501 617 4573 informis,
634 4516 804 4578 perquam
818 4504 928 4577 Apos-

134 4598 245 4660 tolicae
258 4597 353 4659 Sedis
362 4596 527 4675 judicium
542 4614 586 4659 ex
596 4599 663 4659 tuae
676 4597 858 4659 voluntatis
871 4614 930 4659 ar-

134 4694 236 4757 bitrio
264 4695 474 4772 dependeret.
495 4697 570 4757 Non
591 4696 702 4757 tamen
726 4695 928 4757 intendimus

134 4807 330 4870 promovere
354 4794 538 4869 suspectos,
567 4791 742 4855 dummodo
759 4808 825 4853 non
842 4792 928 4854 ultra

133 4895 247 4951 notam
261 4890 462 4965 suspicionis
481 4888 652 4961 extendas,
670 4904 767 4967 quam
786 4888 927 4951 rationis

133 4988 285 5048 tramites
300 4986 471 5063 patiantur
486 5003 516 5047 a.

173 5085 214 5145 Et
227 5084 326 5156 infra,
350 5083 408 5144 ubi
433 5082 555 5160 abjecit
568 5083 609 5145 ab
624 5084 697 5160 ipso
712 5084 926 5145 Tarentinum

133 5181 432 5259 archiepiscopum,
447 5181 665 5242 catanensem
689 5182 723 5242 et
745 5181 931 5259 cephalud-

132 5278 308 5357 episcopos
332 5277 482 5355 improbe
507 5277 614 5355 poenis
643 5278 747 5340 variis
775 5278 923 5351 affectos,

133 5358 250 5438 addit:

172 5474 286 5546 «Quia
299 5488 378 5535 vero
393 5472 453 5534 Dei
474 5487 584 5534 causae
597 5472 714 5533 deesse
726 5488 792 5533 non
807 5489 927 5549 possu-

132 5586 218 5645 mus,
236 5586 298 5633 nec
313 5569 480 5643 debemus,
497 5586 598 5647 super
620 5569 773 5631 omnibus
798 5570 872 5630 istis
893 5570 926 5630 at

772 234 1001 327 11131313.
1023 267 1102 326 nm.
1124 267 1165 326 x.

1729 271 1788 331 102

997 423 1075 486 aliis
1089 423 1357 500 contingentibus
1377 424 1637 488 ecclesiasticam
1652 425 1791 489 liberta-

995 523 1061 582 tem
1086 521 1145 592 sic,
1168 522 1282 584 divina
1309 521 1435 584 suffulti
1464 524 1621 600 potentia,
1643 525 1788 586 debitum

996 619 1102 680 nostri
1128 633 1366 696 prosequemur
1393 619 1506 692 officii,
1535 621 1620 698 quod
1642 624 1709 682 Deo
1730 637 1790 698 pro

994 731 1092 792 possa
1103 715 1345 778 satisfacientes
1367 717 1400 778 et
1414 717 1553 789 homini,
1569 718 1603 777 in
1618 718 1681 778 hoc
1693 734 1791 793 gere·

995 829 1069 872 mus
1077 811 1204 874 utiliter
1213 814 1383 888 negotium
1393 817 1516 875 133113
1531 815 1652 876 3311113
1663 817 1697 876 31
1710 817 1787 888 tuae,

995 924 1070 969 cum
1092 908 1223 970 deferre
1242 910 1370 970 homini
1385 913 1501 972 contra
1515 912 1630 983 Deum,
1647 928 1790 988 praeser-

994 1006 1054 1068 tim
1069 1006 1104 1066 in
1118 1007 1252 1078 talibus,
1281 1007 1325 1068 sit
1350 1022 1480 1076 nocere,
1509 1022 1549 1068 ac
1576 1024 1725 1085 parcere,
1747 1009 1790 1071 sit

994 1104 1132 1178 saevire;
1154 1119 1272 1164 manus
1287 1105 1377 1166 enim
1396 1104 1574 1164 mulierum
1598 1106 1790 1167 misericor-

994 1198 1084 1260 dium
1099 1198 1186 1260 filios
1202 1199 1416 1273 decoxerunt,
1435 1201 1491 1262 sed
1508 1201 1629 1262 habeat
1643 1217 1722 1261 vera
1738 1202 1790 1262 di-

994 1295 1092 1358 lectio
1106 1297 1221 1374 plagas
1234 1313 1323 1369 suas,
1334 1313 1407 1374 quae
1422 1298 1588 1360 dulciores
1601 1298 1696 1370 fiunt,
1714 1313 1788 1360 cnm

994 1394 1142 1454 amarius
1154 1395 1354 1480 inferuntur.

1032 1491 1225 1566 ‹Adjecisti
1250 1493 1424 1568 praeterea,
1450 1493 1538 1569 quod
1554 1494 1627 1568 post
1645 1493 1788 1555 raditum

994 1589 1086 1650 tuum
1101 1588 1136 1648 in
1148 1603 1289 1665 regnum
1303 1589 1438 1661 Siciliae,
1458 1591 1693 1665 redintegratis
1705 1591 1790 1652 viri-

992 1684 1054 1745 bus
1068 1685 1134 1746 tuis
1148 1701 1207 1762 pro
1222 1687 1406 1761 temporum
1428 1687 1590 1748 varietate
1615 1687 1787 1763 dispersis,

993 1782 1138 1842 exclusis
1153 1781 1343 1854 rebellibus
1362 1783 1511 1844 Ecclesia
1536 1783 1653 1845 contra
1670 1785 1788 1846 matris

994 1878 1140 1940 officium
1151 1883 1320 1956 suspectos
1332 1879 1393 1940 filii
1403 1881 1596 1957 receptavit.
1606 1881 1788 1957 thuidem

993 1975 1033 2036 de
1039 1976 1162 2037 virium
1172 1977 1453 2052 redintegratione
1463 1976 1644 2052 gaudemus
1658 1999 1664 2038 :
1678 1979 1711 2039 et
1723 1979 1785 2040 uti·

993 2088 1071 2134 nam
1085 2073 1343 2148 redintegrantis
1356 2073 1488 2135 affectio
1505 2074 1553 2134 sic
1568 2074 1687 2135 debitis
1702 2075 1787 2136 fuis-

992 2175 1043 2231 set
1051 2171 1205 2230 contenta
1219 2170 1389 2240 limitibus,
1405 2171 1491 2246 quod
1512 2185 1531 2231 a
1543 2172 1675 2247 justitia
1685 2188 1786 2233 recu-

992 2266 1222 2342 perationisin
1238 2267 1317 2338 suis,
1335 2269 1370 2327 in
1385 2267 1504 2328 alienis
1532 2269 1572 2328 ad
1597 2269 1789 2344 usurpatio-

992 2363 1045 2423 nis
1057 2365 1217 2440 injuriam
1233 2379 1299 2424 non
1313 2364 1500 2436 transisset,
1525 2364 1603 2440 quia
1619 2368 1741 2440 praeter
1754 2365 1787 2425 id

992 2460 1079 2537 quod
1101 2461 1136 2520 in
1159 2461 1212 2520 die
1226 2461 1408 2522 novissimo
1431 2461 1573 2522 districti
1588 2461 1715 2524 Judicis
1732 2461 1787 2521 ul-

990 2558 1082 2620 tione
1094 2557 1261 2630 reddetur,
1276 2558 1502 2619 consummari
1519 2557 1673 2619 felicibus
1688 2558 1788 2620 subs·

991 2654 1178 2716 1311113131
1203 2655 1385 2726 consuevit,
1401 2655 1585 2722 eventibus.
1600 2658 1788 2732 augmentis

990 2767 1058 2812 non
1076 2753 1256 2827 aggregata
1280 2751 1451 2826 legitimis,
1474 2752 1624 2828 quinimo
1650 2754 1787 2828 grandis

990 2847 1783 2926 acervusinficiturpartisadjectionecorruptae.

991 2947 1098 3022 Super
1108 2945 1255 3006 exclusis
1266 2961 1425 3022 responso
1440 2947 1657 3023 supersedere
1672 2963 1789 3024 posse·

989 3058 1074 3112 mus,
1090 3043 1157 3103 nisi
1172 3042 1315 3120 alicujus
1326 3043 1454 3120 judicio
1469 3044 1660 3106 crederetur
1673 3045 1786 3106 retar-

989 3139 1102 3201 datum
1117 3139 1286 3202 silentium
1299 3141 1477 3218 repetitam
1495 3140 1681 3218 justificare
1705 3126 1788 3220 que-

988 3238 1105 3298 relam.
1121 3236 1184 3298 Sed
1200 3239 1237 3299 ut
1247 3237 1409 3309 videmus,
1424 3238 1510 3314 quod
1533 3238 1693 3301 hactenus
1710 3255 1785 3301 res-

989 3333 1163 3410 pondentis
1176 3334 1397 3395 dissimulatio
1410 3334 1550 3407 distulit,
1565 3350 1653 3397 nunc
1669 3338 1785 3397 extor-

988 3431 1066 3506 quet
1095 3430 1256 3491 instantia
1291 3432 1537 3507 conquerentis.
1567 3436 1594 3493 A
1624 3434 1783 3494 memoria

988 3542 1118 3603 qnoque
1144 3528 1200 3588 tua
1226 3527 1393 3589 excidisse
1412 3543 1478 3590 non
1503 3528 1680 3602 3131111113,
1698 3531 1784 3606 quod

987 3624 1100 3685 comiti
1126 3625 1315 3696 1113113313,
1337 3624 1509 3701 Raynaldo
1531 3624 1571 3686 de
1597 3630 1733 3698 Aversa,
1751 3630 1784 3689 et

988 3720 1171 3783 fautoribus
1204 3721 1406 3792 eorumdem,
1447 3723 1624 3799 antequam
1659 3726 1781 3797 castra,

986 3836 1060 3896 quaa
1075 3816 1202 3881 viribus
1218 3817 1370 3879 obtinere
1392 3819 1602 3895 nequiveras,
1624 3821 1782 3895 resigna-

984 3918 1071 3989 rent,
1087 3917 1176 3979 inter
1190 3916 1268 3988 alia,
1286 3931 1359 3993 quae
1375 3916 1507 3993 publica
1531 3918 1564 3978 et
1588 3917 1780 3981 authentica

985 4017 1062 4076 sunt
1074 4014 1294 4081 conventione
1321 4014 1445 4084 notata,
1472 4014 1563 4074 venit
1589 4016 1781 4090 expressius

984 4126 1202 4188 personarum
1226 4111 1388 4171 securitas
1403 4110 1439 4169 in
1463 4111 1681 4185 promissum
1697 4114 1730 4175 et
1745 4116 1781 4177 ut

984 4208 1017 4269 id
1028 4208 1131 4268 robur
1142 4206 1308 4267 firmitatis
1321 4205 1469 4278 haberet,
1485 4222 1545 4267 nos
1558 4208 1591 4269 et
1605 4210 1779 4271 universos

984 4304 1105 4365 fratres
1120 4306 1253 4365 nostros
1268 4303 1393 4377 rogasti
1407 4318 1467 4379 per
1480 4304 1626 4377 nuntios,
1643 4308 1676 4366 et
1688 4306 1780 4368 litte-

983 4415 1040 4461 ras
1060 4398 1233 4475 speciales,
1263 4400 1299 4464 in
1326 4399 1551 4461 testimonium
1577 4404 1775 4475 reservatas,

984 4498 1020 4559 ut
1034 4500 1184 4558 Romana
1200 4496 1349 4559 Ecclesia
1377 4513 1596 4575 supersecure
1617 4513 1657 4560 ac
1673 4500 1779 4561 confi-

983 4594 1100 4655 denter
1113 4594 1286 4669 reciperat,
1315 4594 1401 4671 quod
1426 4594 1664 4657 inviolabiliter
1692 4612 1774 4673 pro-

983 4692 1086 4753 missa
1114 4691 1281 4768 praedictis
1320 4692 1519 4764 attenderes
1554 4692 1587 4754 et
1625 4693 1776 4767 plenarie

982 4803 1200 4851 conservares
1213 4808 1221 4848 ι
1236 4788 1294 4849 sed
1322 4791 1432 4849 utrum
1458 4788 1570 4851 verbis
1598 4788 1684 4851 facta
1699 4806 1775 4852 res-

982 4886 1169 4964 ponderint,
1187 4885 1332 4961 fidesque
1346 4886 1517 4960 promissis
1532 4886 1706 4962 plusquam
1723 4888 1776 4951 de-

982 4984 1055 5046 ceat
1080 4983 1174 5045 Sedis
1199 4981 1410 5059 apostolicae,
1431 4998 1471 5043 ac
1484 4982 1691 5046 excellentiae
1706 4986 1774 5047 im-

980 5081 1118 5159 perialis
1131 5080 1307 5151 bonorem;
1323 5077 1560 5141 afflictionIbus
1571 5080 1725 5157 publicis,
1742 5086 1777 5148 et

980 5179 1088 5255 poenis
1101 5176 1285 5239 manifestis
1301 5178 1470 5252 exponunt
1485 5178 1636 5239 nonnulli
1651 5180 1691 5241 de
1706 5181 1776 5242 fau·

979 5274 1253 5337 toribuscomitis
1278 5273 1462 5345 memorati,
1487 5290 1628 5350 quorum
1654 5278 1774 5339 multos

980 5373 1054 5450 post
1070 5373 1234 5449 speratam
1261 5369 1302 5430 de
1330 5370 1509 5433 securitate
1534 5372 1689 5434 fiduciam
1715 5374 1775 5436 de-

979 5470 1057 5531 disti
1071 5468 1184 5541 exilio,
1199 5468 1232 5529 et
1245 5466 1407 5544 quosdam
1431 5468 1653 5557 ignominiosa
1668 5474 1774 5533 morte

979 5566 1162 5642 damnasti;
1177 5562 1315 5642 proinde
1334 5580 1510 5642 possumus
1525 5582 1591 5629 non
1606 5565 1772 5631 immerito
