4217 6400
343 293 381 356 et
962 287 1139 352 1111111
1161 288 1206 352 111
1227 275 1375 354 ornan.
1951 298 1992 362 oa

343 452 487 518 cendere
498 451 680 528 cupientes,
696 448 756 514 tibi
771 448 812 510 de
826 451 922 526 cujus
935 448 1137 514 discretione
1162 485 1165 494 ·

343 551 491 627 gerimus
505 549 661 610 fiduciam
675 547 871 624 pleniorem,
894 547 986 608 vices
1004 549 1137 610 nostras

344 664 445 725 super
468 648 532 710 hoc
550 646 706 707 duximus
723 643 986 715 committendas,
1009 643 1135 704 trater-

344 739 1135 821 11111111111111111111111111111111111111111,

343 843 506 919 quatenus
526 842 708 903 memoraie
727 841 887 916 magistro
903 839 938 898 in
951 837 1065 915 aliqua
1080 853 1138 900 ec·

343 939 521 1002 elesiarum
549 939 585 1000 in
606 954 671 1015 qua
690 939 809 999 melius
831 936 988 1013 expedire
1010 936 1137 997 rideris

343 1037 519 1114 provideas
538 1036 798 1112 praemissarum,
813 1035 847 1097 in
863 1034 1025 1096 beneflcio
1044 1049 1135 1110 prm-

341 1133 476 1196 bendali
502 1133 612 1207 ipsum
649 1131 690 1194 ab
716 1131 822 1207 ipsius
856 1130 1000 1207 capitulo
1030 1131 1136 1206 recipi

341 1230 469 1294 taciens
489 1229 525 1290 in
547 1229 755 1300 canonicum,
779 1229 866 1290 etin
885 1229 1137 1289 tratremcon-

340 1327 548 1394 tradictores.
570 1327 633 1386 etc.
654 1327 774 1388 Datum
788 1325 957 1398 Laterani,
977 1328 1039 1386 XII
1065 1325 1133 1387 kal.

338 1424 437 1501 Junii,
450 1439 540 1484 anno
555 1422 697 1484 decime.

694 1644 775 1730 GLI

339 1797 393 1858 Ad
406 1796 543 1858 abbates
557 1798 591 1856 S.
614 1795 781 1856 Antonini
799 1796 1048 1868 Annamarurn,
1069 1797 1135 1856 Le-

377 1894 550 1954 sutenscna
564 1894 597 1954 et
612 1895 845 1963 Asstttensern,
859 1895 1033 1954 Totosonoe
1042 1894 1132 1954 1111-

375 1993 476 2052 cesis.

624 2065 743 2123 1311111
764 2065 844 2122 itit.

362 2188 541 2252 11111111.,1111.
554 2189 587 2250 X,
601 2188 675 2252 epist.
686 2188 741 2238 268.
754 2191 812 2239 blss.
823 2190 861 2238 La
874 2187 950 2237 Ponte
964 2188 998 2236 du
1012 2187 1106 2251 Theti]

336 2312 453 2373 Mandat
467 2313 510 2370 eis
522 2320 552 2369 ut
568 2327 732 2385 processum
753 2312 788 2369 ab
807 2314 941 2385 episcopo
953 2313 1134 2385 Bigorritano

371 2416 457 2474 super
470 2402 654 2473 inquisitione
669 2402 834 2459 monasterii
849 2401 1057 2460 condomensis
1071 2417 1134 2460 exa·

372 2491 491 2558 minent,
514 2497 542 2546 ct
562 2491 587 2546 si
608 2489 702 2547 dictus
726 2505 877 2562 processus
897 2491 1055 2548 canonicus
1076 2506 1132 2548 non

370 2580 450 2636 visus
466 2577 560 2647 suerit,
581 2593 698 2635 causam
718 2577 754 2634 nd
769 2577 902 2635 abbatem
917 2580 1070 2636 Exiensem
1086 2594 1130 2636 re-

371 2668 499 2736 mittunt;
515 2667 538 2723 si
555 2681 624 2722 vero
641 2667 799 2724 canonicus
819 2665 912 2737 luerit,
930 2668 1008 2724 illum
1028 2666 1134 2726 lactant

370 2755 571 2813 inviolabiliter
582 2754 740 2814 observari.

373 2891 541 2953 Honorius
552 2891 738 2967 episcopus,
749 2907 865 2952 servus
877 2907 1050 2952 serrorum
1060 2892 1130 2964 Dei,

335 2987 466 3049 dilectis
493 2986 613 3046 111111...
643 2987 757 3047 Sancti
780 2986 942 3046 Antonini
965 2990 1133 3062 11111111-

333 3100 462 3144 mum...
474 3082 659 3154 Lesatensi,
673 3084 743 3144 11...
756 3083 932 3144 1111111111
944 3083 1129 3156 abbatibus,

335 3180 510 3243 Tolosanse
526 3179 691 3253 dioecesis,
706 3178 847 3241 salutem
862 3180 895 3242 et
906 3180 1131 3257 Apostolicam

336 3276 613 3338 benedictionem.

373 3376 424 3435 Ex
456 3373 683 3435 insinuatione
715 3375 897 3450 conventus
933 3376 1131 3439 monasterii

333 3471 575 3533 Condumensis
608 3471 706 3532 nobis
741 3472 899 3544 innotuit,
934 3472 1021 3548 quod
1055 3490 1131 3535 oum

333 3569 414 3631 olim
442 3585 543 3647 super
570 3568 788 3647 inquisitione
814 3568 967 3631 iacienda
993 3571 1029 3631 in
1058 3571 1130 3649 ipso

332 3666 536 3728 monasterio
546 3667 614 3729 tam
627 3668 662 3728 in
678 3668 786 3744 capite
799 3683 898 3744 quarn
911 3667 946 3729 in
959 3667 1128 3744 membris,

332 3764 484 3843 quaedam
497 3764 695 3842 Apostolicae
710 3765 830 3827 litterae
846 3764 887 3826 ad
903 3765 1130 3827 venerabilem

332 3861 470 3923 fratrem
493 3863 682 3943 11111111...
711 3862 916 3923 Auxitanum
942 3862 1131 3939 archiepis·

332 3973 463 4033 copum,
476 3956 554 4017 tunc
566 3956 814 4032 Bigorritanum
825 3959 1028 4035 episcopum,
1042 3974 1130 4020 ema·

332 4054 479 4126 nassent,
495 4055 528 4114 et
541 4052 618 4115 alise
631 4054 873 4129 postmoduma
889 4054 985 4115 nobis
999 4071 1130 4131 proces·

333 4150 450 4223 serint,
480 4151 568 4211 sieut
592 4151 725 4224 dicitur,
757 4150 878 4214 litterae
907 4151 1127 4223 continentes,

332 4248 468 4327 quodsi
493 4264 552 4323 per
574 4249 827 4324 inquisitionem
848 4251 955 4327 ipsam
975 4248 1128 4313 abbatem

334 4346 542 4422 contingeret
554 4348 713 4419 amoveri,
729 4347 769 4407 de
781 4348 888 4424 ipsius
900 4348 1042 4410 consilio
1055 4364 1129 4425 pro·

331 4442 501 4506 rideretur
527 4443 731 4505 monasterio
757 4444 796 4504 de
816 4444 948 4515 abbate,
972 4449 1128 4507 recusato

330 4540 464 4603 tandem
476 4542 572 4613 e0,ut
586 4542 750 4618 suspecto,
764 4542 995 4619 propterquod
1010 4544 1127 4607 baberi

330 4653 398 4702 non
412 4637 519 4717 potuit
534 4638 569 4698 in
588 4637 806 4714 inquisitione
827 4653 1016 4717 processus,
1039 4640 1127 4703 idem

330 4736 506 4814 episeopus
529 4726 733 4810 generaliter
761 4736 796 4796 in
820 4751 936 4796 omnes
960 4736 1127 4799 malitiose

329 4833 548 4910 impedientes
575 4831 804 4909 inquisitionis
835 4848 1038 4909 processum,
1062 4850 1126 4896 ex·

330 4930 640 4992 communicationis
664 4929 864 4991 sententiam
890 4932 1124 5008 promulgavit.

330 5029 468 5087 Demum
481 5028 617 5089 arbitris
630 5027 671 5087 ad
687 5028 953 5103 cognoscendum
969 5029 1009 5091 de
1023 5045 1125 5093 eausa

330 5123 531 5201 suspicionis
558 5123 684 5196 electis,
705 5126 786 5201 quia
809 5142 896 5187 unus
923 5126 1125 5189 arbitrorum

328 5221 501 5284 demedio
525 5221 576 5282 est
601 5221 762 5293 sublatus,
788 5225 1033 5302 propterquod
1056 5242 1125 5287 non

327 5320 434 5397 potuit
445 5320 481 5379 in
493 5318 711 5396 inquisitione
726 5322 872 5395 procedi,
888 5323 1051 5385 remansit
1064 5340 1126 5384 ne-

327 5418 454 5493 gotium
469 5416 690 5493 1111111111.
706 5418 842 5480 Interim
857 5434 937 5479 vero
950 5419 1046 5481 bonae
1061 5436 1125 5481 me·

327 5514 442 5576 moriae
461 5518 513 5586 A„
536 5514 773 5577 condomensis
793 5514 906 5589 abbas,
923 5517 965 5578 ad
977 5520 1123 5595 Aposto-

326 5612 424 5673 licam
437 5612 555 5673 Sedem
565 5612 716 5686 ueniens,
729 5613 770 5674 ad
781 5612 934 5677 abbatem
945 5616 1123 5677 Exiensem

1192 449 1225 511 et
1238 448 1385 525 collegas
1407 447 1513 525 ipsius
1539 448 1669 512 nostras
1691 451 1835 516 obtinuit
1857 454 1990 520 litteras

1193 545 1410 616 continentes,
1427 546 1463 606 ut
1477 545 1632 624 episcopo
1645 548 1678 610 et
1692 548 1804 612 abbati
1817 551 1925 614 eidem
1941 554 1990 614 11-

1188 643 1377 718 jungerent,
1403 642 1490 719 quod
1512 645 1752 709 concordarent
1771 647 1806 708 in
1831 649 1987 722 arbitros

1192 738 1248 815 qui
1268 740 1508 814 cognoscerent
1527 741 1567 802 de
1587 742 1699 806 causis
1714 744 1914 822 suspicionis
1929 747 1990 810 ob·

1187 837 1985 920 jectispraedictoepiscopoinsuperinjungeude,

1192 934 1228 995 ut
1250 935 1317 996 nisi
1345 937 1619 1011 pronuntiaretur
1642 955 1716 1000 esse
1741 943 1926 1018 suspectae,
1952 944 1988 1006 in

1192 1031 1324 1107 negotio
1340 1033 1533 1110 procederet
1543 1037 1641 1111 juxta
1661 1037 1813 1100 traditam
1833 1039 1898 1100 sibi
1918 1040 1988 1100 tor-

1191 1144 1289 1202 mam,
1311 1131 1344 1190 et
1365 1130 1405 1202 si,
1421 1130 1508 1194 intra
1529 1133 1705 1196 terminum
1720 1135 1784 1196 sibi
1799 1135 1840 1196 ab
1860 1137 1986 1200 eisdem

1187 1226 1356 1302 judicibus
1384 1229 1633 1305 praeligendum,
1662 1233 1765 1294 nollet
1785 1235 1821 1296 in
1842 1237 1986 1298 arbitros

1190 1324 1481 1398 concordassent
1500 1331 1672 1404 suspectus
1691 1330 1831 1394 forsitan
1849 1332 1987 1396 inveni·

1190 1421 1283 1484 retur
1297 1422 1338 1483 ab
1356 1423 1416 1496 eis,
1438 1424 1538 1486 iidem
1553 1426 1697 1502 judiees,
1720 1429 1903 1492 secundum
1915 1433 1985 1508 jam

1188 1518 1311 1582 dictam
1351 1520 1503 1594 turmam,
1531 1523 1567 1584 in
1599 1526 1732 1601 negotio
1767 1528 1989 1603 procederent

1189 1619 1382 1678 memorato.
1423 1620 1503 1682 Cum
1529 1621 1640 1684 autem
1668 1624 1804 1686 interim
1835 1627 1986 1688 mortuus

1190 1713 1289 1776 111111
1303 1713 1410 1777 dictus
1432 1715 1545 1791 abbas,
1562 1720 1595 1780 et
1613 1719 1678 1796 ipsi
1701 1723 1925 1796 processerint
1944 1725 1986 1786 ad

1188 1811 1385 1876 electionem
1409 1815 1558 1886 alterius,
1575 1832 1650 1879 eum
1674 1818 1709 1880 in
1732 1818 1792 1880 tali
1812 1836 1894 1882 casu
1918 1837 1986 1886 non

1187 1907 1289 1972 tuerit
1302 1909 1394 1972 illius
1424 1913 1600 1976 consilium
1621 1915 1869 1990 requirendum,
1893 1919 1987 1995 epis·

1189 2021 1291 2082 copus
1316 2007 1399 2084 ipse,
1429 2010 1596 2086 prohibito
1620 2010 1681 2074 sub
1714 2017 1987 2086 excommunica-

1188 2102 1288 2163 tionis
1325 2105 1608 2180 interminatione,
1635 2124 1678 2172 ne
1710 2110 1751 2170 ad
1787 2112 1985 2176 electionem

1189 2201 1985 2283 111111111111111111111111111111,(1111111111

1189 2301 1303 2360 contra
1323 2302 1521 2362 conventum
1536 2303 1577 2363 ad
1593 2304 1842 2380 inquisitionem
1858 2323 1984 2384 prece-

1188 2395 1277 2468 dere,
1294 2396 1372 2459 11111
1388 2399 1423 2458 11
1437 2403 1610 2476 suspectus
1625 2401 1726 2465 luerit
1744 2406 1931 2477 recusatus,
1948 2406 1982 2468 et

1188 2493 1252 2554 sibi
1274 2495 1496 2571 significatum
1524 2497 1642 2560 fuisset
1665 2499 1705 2560 de
1730 2500 1897 2578 praedictis
1921 2503 1982 2565 lit-

1188 2592 1280 2663 teris,
1301 2609 1361 2668 per
1379 2609 1461 2673 quas
1480 2594 1565 2656 alias
1585 2597 1851 2659 committebatur
1872 2615 1982 2674 nego-

1187 2690 1280 2763 tium,
1315 2705 1382 2762 eos,
1414 2692 1582 2768 assignato
1611 2693 1674 2753 sibi
1709 2694 1851 2756 termino
1880 2698 1981 2757 nimis

1187 2785 1291 2855 brevi,
1306 2787 1366 2848 sub
1383 2803 1480 2864 poena
1496 2792 1849 2853 excommunicationis
1865 2795 1983 2856 citavit

1188 2884 1228 2945 ad
1244 2883 1364 2956 locum,
1384 2885 1538 2962 adquam
1560 2903 1713 2949 securum
1728 2905 1795 2952 non
1815 2890 1983 2953 habebant

1188 2983 1979 3064 aceessum,nolenseistutumaliumassignare;

1187 3080 1321 3155 propter
1344 3079 1430 3156 quod
1451 3095 1494 3142 ex
1512 3083 1606 3157 parte
1629 3085 1812 3146 conventus
1836 3085 1877 3146 ad
1900 3102 1982 3147 nos-

1185 3177 1271 3238 tram
1287 3175 1348 3239 tuit
1368 3177 1572 3241 audientiam
1586 3181 1800 3257 appellatum.
1825 3183 1885 3243 llle
1900 3200 1980 3245 uero

1186 3290 1261 3335 cum
1283 3276 1353 3351 jam
1381 3276 1469 3338 esset
1490 3276 1525 3337 in
1549 3277 1835 3356 archiepiscopum
1859 3281 1978 3357 postu-

1186 3372 1284 3445 latus,
1319 3373 1352 3435 et
1381 3372 1630 3437 administraret
1661 3377 1796 3453 negotia
1828 3378 1978 3441 ecclesiae

1185 3470 1360 3532 Auxitanae
1375 3470 1449 3547 post
1463 3470 1653 3548 hujusmodi
1668 3474 1927 3551 appellationem
1943 3476 1978 3539 in

1185 3567 1352 3629 auxitana
1366 3566 1500 3629 dioecesi
1516 3569 1763 3644 111111111111,
1778 3574 1937 3649 tanquam
1949 3574 1977 3635 si

1185 3666 1301 3726 contra
1330 3664 1561 3727 inhibitionem
1589 3683 1683 3729 suam
1710 3669 1751 3730 ad
1779 3671 1977 3733 electionem

1184 3761 1309 3822 temere
1333 3761 1586 3837 processissent,
1614 3766 1647 3826 et
1668 3768 1880 3829 contumaces
1905 3767 1978 3828 iue-

1184 3858 1262 3930 1111,
1280 3874 1319 3919 ac
1336 3859 1502 3921 malitiose
1517 3859 1730 3937 impedierint
1750 3865 1977 3941 inquisitionis

1184 3971 1386 4032 processum,
1410 3956 1576 4035 triplicem
1601 3974 1794 4036 expressam
1823 3963 1977 4039 superius

1185 4054 1538 4117 excommunicationis
1558 4057 1758 4119 sententiam
1779 4059 1974 4129 incurrisse,

1184 4165 1258 4211 cum
1278 4151 1443 4213 tamenin
1467 4150 1554 4215 sacto
1578 4153 1750 4217 electionis
1772 4158 1889 4219 contra
1909 4156 1978 4217 ter-

1183 4262 1270 4309 mam
1286 4248 1468 4325 Apostollci
1483 4251 1629 4312 mandati
1646 4268 1713 4313 non
1728 4254 1897 4327 venerint;
1918 4269 1978 4331 per

1183 4345 1269 4421 quod
1298 4346 1327 4405 si
1366 4362 1426 4423 per
1462 4346 1714 4424 inquisitionem
1749 4352 1978 4412 removeretur

1183 4442 1284 4505 abbas
1303 4444 1482 4521 procedere
1502 4443 1543 4505 ad
1563 4445 1758 4508 electionem
1776 4446 1817 4508 de
1836 4448 1976 4510 consilio

1183 4542 1330 4619 episcopi
1352 4540 1560 4615 tenebantur,
1584 4544 1617 4605 et
1645 4544 1874 4621 inquisitionis
1897 4560 1978 4623 pro-

1182 4654 1313 4701 cessum
1333 4638 1497 4701 malitiose
1514 4655 1580 4700 non
1594 4640 1817 4717 impedierint,
1833 4658 1893 4705 nec
1909 4659 1976 4703 un-

1182 4752 1280 4814 quam
1300 4734 1471 4797 extiterint
1490 4738 1712 4811 contumaces,
1733 4740 1977 4817 propterquod

1182 4834 1327 4911 exparte
1340 4836 1522 4896 conventus
1532 4834 1629 4896 nobis
1639 4834 1703 4897 tuit
1711 4836 1884 4899 humiliter
1896 4852 1979 4914 sup-

1181 4931 1350 5009 plicatum,
1378 4931 1415 4992 ut
1446 4930 1636 4993 denuntiari
1660 4933 1894 4995 mandaremus
1919 4950 1977 4995 eos

1180 5028 1240 5093 tali
1262 5027 1426 5091 sententia
1448 5044 1515 5091 non
1534 5029 1653 5091 teneri.
1675 5030 1818 5108 Ideoque
1837 5032 1978 5095 manda-

1180 5140 1264 5198 mus,
1281 5128 1445 5202 quatenus
1465 5126 1494 5186 si
1510 5126 1606 5188 robis
1625 5128 1812 5192 constiterit
1832 5129 1980 5206 111111-

1180 5222 1301 5295 missis,
1331 5222 1523 5285 nuntiantes
1547 5224 1675 5287 nullum
1700 5226 1806 5304 ipsius
1829 5226 1978 5305 episcopi

1179 5337 1254 5383 esse
1278 5336 1470 5397 processum
1496 5322 1537 5383 ad
1560 5322 1713 5386 abbatem
1741 5324 1919 5387 Enlensem
1943 5325 1979 5387 et

1179 5418 1324 5497 collegas
1338 5434 1416 5479 suos
1430 5420 1598 5495 negotium
1613 5420 1803 5483 remittatis,
1817 5421 1976 5498 Alioquin

1179 5532 1371 5595 processum
1401 5516 1564 5590 eumdem,
1602 5517 1688 5580 sicut
1716 5519 1767 5579 est
1791 5518 1974 5595 legitimus,

1179 5614 1310 5677 faciatis
1321 5630 1426 5693 usque
1437 5614 1478 5676 ad
1489 5614 1750 5677 satisfactionem
1763 5617 1973 5693 condignam,
