4217 6400
759 350 996 425 snrrsuoune.
1019 363 1099 422 ms.
1122 352 1163 422 x.
1725 357 1784 422 110

493 530 590 618 CLX
919 532 923 542 ·
988 520 1154 583 bonorum
1177 519 1346 582 affluentia
1368 518 1633 591 circumdederit,
1660 516 1783 585 utnon

469 693 475 707 ι
990 616 1151 694 oporteat,
1178 617 1263 694 quod
1284 631 1345 694 pro
1362 617 1490 678 modica
1516 609 1668 692 pecunia,
1685 628 1785 691 quam

256 695 309 753 Λα
334 693 565 769 memmi
592 693 827 752 mmmmm
990 714 1024 774 in
1040 714 1288 791 comparatione
1303 714 1439 774 honoris
1454 713 1502 773 tui
1523 729 1562 774 ac
1575 713 1671 772 lamae
1686 710 1785 772 debes

384 789 671 861 imperatorem·
991 811 1087 888 quasi
1129 811 1373 888 sterquilinium
1408 811 1578 888 reputare,
1620 808 1784 869 maculam

439 925 539 999 ejunii
555 925 633 984 1226.
991 908 1026 968 in
1050 907 1158 983 gloria
1182 907 1239 969 tua
1266 923 1381 984 ponas.
1411 907 1465 968 Sic
1489 921 1568 982 crgo
1583 905 1784 967 monitiones

891 1013 894 1019 '
990 1007 1123 1065 nostras
1138 1004 1300 1066 exaudias
1315 1003 1350 1063 in
1368 1003 1431 1063 hac
1457 1003 1560 1078 parte,
1581 1001 1665 1078 quod
1681 1000 1785 1062 aliite

992 1101 1129 1162 docente
1151 1101 1362 1176 cognoscant,
1388 1101 1546 1176 quantum
1571 1097 1785 1160 deserendum

140 1195 216 1250 lium
242 1198 325 1264 ‘08⁰¹
352 1198 381 1250 ⁰¹
401 1190 529 1249 hortatur
554 1199 585 1248 ut
612 1191 746 1248 comitem
769 1189 934 1248 dfllwtriss
991 1198 1035 1258 sit
1062 1198 1163 1272 regiae
1187 1197 1351 1272 dignitati,
1377 1197 1409 1258 et
1437 1198 1504 1257 tam
1528 1196 1646 1256 illicita
1672 1193 1786 1270 praeda

175 1279 369 1353 ⁰⁰ffll>ellatut
389 1278 572 1340 Wflldssmlffl
597 1278 659 1351 regi
682 1278 776 1335 ⁰³⁰¹ae
809 1279 938 1334 restituat
991 1293 1104 1370 erepta
1118 1311 1178 1371 per
1190 1296 1222 1355 te
1233 1295 1273 1356 de
1285 1293 1436 1354 lancibus
1451 1293 1582 1355 comitis
1599 1289 1782 1368 saepedicti,

176 1371 291 1428 ⁰h⁸id0⁵
306 1377 334 1428 0²
347 1369 508 1443 temam»
518 1380 604 1438 quam
620 1366 655 1422 ³¹³
666 1366 728 1437 ³9⁸⁰
744 1380 794 1438 P¹⁰
809 1365 937 1422 libertate
991 1390 1155 1450 attentare
1183 1390 1305 1451 similia
1321 1391 1567 1467 pertimescant,
1590 1389 1623 1451 et
1640 1389 1711 1465 ipse
1725 1402 1787 1448 rex

175 1460 316 1532 receperit
330 1473 384 1516 nee
400 1471 466 1514 eum
485 1470 571 1530 super
590 1455 731 1512 solutione
746 1453 851 1512 residui
873 1469 935 1510 mo·
992 1486 1055 1547 hoc
1071 1486 1232 1548 beneficio
1248 1487 1445 1562 provocatus
1463 1486 1524 1548 fibi
1545 1487 1712 1562 perpetuae
1727 1484 1788 1545 de.

177 1547 270 1606 mmet·
990 1583 1135 1644 notionis
1150 1583 1284 1644 vinculo
1302 1584 1517 1658 astringatur,
1539 1597 1666 1658 nosque
1681 1581 1788 1657 impe-

180 1682 360 1753 Honorins,
383 1683 446 1742 etc.
991 1680 1087 1740 rialis
1104 1680 1312 1742 celsitudinis
1332 1679 1575 1757 providentiam
1595 1677 1712 1740 merliu
1728 1677 1788 1738 de-

182 1780 260 1840 Tria
269 1778 358 1849 sunt,
371 1794 445 1854 quae
456 1775 598 1838 debeant
607 1775 937 1850 circumspectionem
991 1777 1128 1838 beamus
1156 1777 1191 1836 in
1217 1777 1358 1838 Domino
1383 1774 1784 1847 commendare,'sciens,

141 1876 302 1937 inducere
327 1875 369 1936 ad
390 1874 538 1936 fauorem
563 1872 736 1933 carissimo
757 1871 791 1932 in
807 1871 937 1931 Christo
992 1873 1089 1949 quod,
1114 1874 1179 1933 nisi
1201 1874 1324 1934 nostris
1346 1873 1495 1934 honestis
1511 1872 1663 1949 precibus
1678 1874 1712 1934 et
1726 1887 1788 1932 ex·

139 1973 211 2033 lilio
224 1974 337 2034 nostro
347 1970 548 2046 illustriregi
564 1966 936 2044 Daciaeimpendendnm
992 1971 1237 2032 hortationibus
1252 1969 1460 2046 acquieveris
1475 1971 1511 2030 in
1524 1970 1586 2030 hac
1602 1979 1707 2045 parte,
1724 1983 1785 2030 nos

139 2070 203 2130 sub
217 2070 300 2131 duro
315 2085 406 2141 casu,
422 2069 458 2129 in
473 2083 570 2145 quern
584 2082 643 2144 per
657 2065 793 2125 Henrici
806 2063 937 2125 comitis
991 2067 1106 2127 deesse
1131 2083 1197 2128 non
1219 2067 1399 2144 poterimus
1412 2066 1498 2128 dicto
1513 2066 1585 2140 regi
1600 2066 1667 2126 tam
1682 2080 1784 2141 aper-

139 2167 284 2238 Zwerin,
294 2165 433 2228 vassalli
448 2166 512 2237 sui,
530 2163 704 2241 perfidiam
718 2161 935 2222 nosciturin-
991 2166 1059 2226 tam
1085 2165 1243 2240 injuriam
1262 2164 1413 2240 patienti,
1439 2179 1505 2224 non
1520 2162 1643 2239 absque
1665 2177 1785 2238 magno

138 2263 273 2324 cidisse.
295 2263 444 2324 inimum
467 2262 530 2332 est,
553 2259 639 2337 quod
659 2259 731 2335 ipse
745 2274 806 2319 rex
819 2257 879 2320 tibi
894 2257 935 2318 ad
991 2261 1164 2337 dispendio
1179 2260 1320 2320 subsidii
1343 2263 1455 2321 Terrae
1475 2261 1615 2331 Sanctae,
1633 2259 1674 2320 ad
1698 2259 1785 2336 quod

137 2359 407 2422 exhortationem
450 2357 650 2433 apostoncae
685 2355 779 2416 Sedis
814 2355 935 2426 astitit,
990 2355 1166 2433 magnilica
1194 2357 1449 2432 impendendum
1485 2358 1563 2419 ante
1597 2356 1785 2432 captionem

139 2458 229 2520 sicut
242 2456 342 2528 nosti,
366 2456 517 2533 tempore
529 2454 715 2531 opportuno
736 2453 770 2514 et
789 2452 936 2514 studiose
992 2470 1087 2515 suam
1102 2453 1260 2514 solemnis
1291 2454 1523 2530 promissionis
1536 2453 1671 2514 vinculo
1687 2467 1723 2514 se
1734 2468 1787 2512 as·

137 2555 183 2616 ad
197 2555 292 2615 tuum
308 2554 469 2614 honorem
483 2554 516 2612 et
528 2550 766 2612 exaltationem
781 2549 934 2610 intendit.
989 2551 1190 2622 trinxit,nec
1202 2549 1533 2628 absquehpostolicae
1549 2551 1644 2611 Sedis
1658 2551 1784 2626 injuria

141 2651 330 2714 Secundum
341 2650 402 2721 est,
415 2648 502 2726 quod
513 2648 602 2709 inter
611 2648 643 2708 te
651 2663 690 2708 ac
703 2646 813 2722 ipsum
823 2660 936 2720 regem
991 2649 1024 2708 et
1035 2647 1234 2723 contemptu,
1251 2647 1306 2707 cui
1320 2663 1459 2722 reguum
1484 2651 1556 2725 ejus
1577 2647 1785 2723 dignoscitur

137 2747 328 2810 amicabilis
343 2742 937 2808 oonfoederatiouisvinculuminter·
991 2743 1157 2805 censuale.
1184 2744 1303 2804 Datum
1331 2743 1498 2815 Laterani,
1529 2745 1557 2804 V
1583 2743 1657 2804 idus
1682 2742 1781 2820 jnnii,

137 2845 252 2917 cessit,
270 2843 357 2905 sicut
368 2843 404 2902 in
425 2842 493 2903 tuis
515 2838 705 2917 patentibus
720 2839 853 2910 litteris,
874 2854 937 2900 au·-
990 2856 1079 2903 anno
1094 2839 1304 2918 pontificatus
1320 2841 1427 2902 nostri
1442 2839 1580 2902 decimo.

137 2959 200 3005 rea
217 2941 308 3002 bulla
323 2939 475 3011 munitis,
500 2936 731 3016 perspeximus
757 2937 934 2998 contineri.

137 3038 288 3101 Tertium
302 3038 363 3108 est,
379 3035 466 3113 quod
485 3035 519 3098 et
533 3035 562 3095 si
576 3033 779 3109 generaliter
798 3034 854 3094 lex
868 3049 935 3094 na-

137 3138 224 3200 turae
238 3135 405 3212 deposcat,
424 3135 461 3194 ut
475 3132 574 3193 homo
596 3130 772 3193 subveniat
793 3129 932 3204 homini,
1331 3133 1447 3221 CLXI

138 3234 283 3312 quodmn
296 3234 408 3294 tamen
419 3230 557 3307 speciali
572 3229 682 3290 debito
695 3228 828 3291 tenetur
839 3230 935 3290 miles

138 3330 239 3393 militi
261 3329 350 3391 ierre
366 3327 530 3388 auxilium
549 3326 583 3388 et
609 3325 769 3399 rexregi,
792 3326 838 3398 ut,
861 3341 935 3401 quae

138 3428 248 3505 ipsum
269 3424 377 3488 reddit
401 3424 478 3485 aliis
493 3421 736 3493 honorabilem,
759 3422 832 3497 ipse
851 3436 936 3498 quo·
1285 3421 1384 3495 ajunii
1401 3424 1479 3481 1226.

138 3541 203 3603 que
216 3522 359 3585 honoret
371 3524 408 3583 in
422 3521 559 3598 regibus
569 3520 697 3596 regiam
711 3518 933 3597 majestatem.
1082 3544 1265 3611 [hohenburg.
1280 3545 1457 3606 ffipundean
1471 3546 1490 3605 1,
1500 3546 1556 3608 313¹
1571 3562 1598 3597 n.
1612 3548 1680 3613 325]

139 3619 595 3696 cumergopraefatuscomes
618 3616 738 3678 adicio
750 3631 840 3691 rege,
857 3616 934 3675 dum

139 3719 272 3795 captum
298 3716 427 3779 teneret
450 3714 617 3786 eumdem,
641 3713 820 3775 extorserit
833 3715 933 3789 jnra-

137 3816 285 3877 mentum
298 3813 339 3875 de
350 3813 470 3873 dandis
478 3812 631 3873 sibifiliis
644 3811 715 3871 suis
730 3810 932 3881 subsidibus,
1029 3810 1210 3883 Honorius,
1223 3811 1298 3883 etc,
1317 3808 1431 3871 comiti
1444 3808 1660 3879 Zwerinensi,
1675 3808 1737 3870 etc.

138 3914 173 3975 et
192 3912 231 3973 de
246 3911 405 3972 solvenda
421 3909 486 3970 sibi
501 3909 642 3987 quadam
657 3909 808 3983 pecuniae
823 3924 933 3983 quan·
1029 3908 1117 3969 Olim
1133 3908 1346 3978 credidimus,
1369 3906 1455 3983 quod
1471 3904 1629 3982 grandem
1653 3906 1686 3967 et
1704 3920 1784 3983 gra·

137 4010 246 4078 titate,
269 4008 482 4068 serenitatem
501 4009 593 4065 tuam
613 4006 738 4065 attente
751 4005 932 4078 rogandam
987 4021 1062 4067 vem
1077 4006 1253 4077 maculam,
1265 4022 1364 4082 quam
1380 4006 1414 4064 in
1429 4006 1485 4064 tua
1498 4004 1585 4064 lama
1599 4004 1782 4081 improvide

140 4104 295 4165 duximus
309 4103 342 4163 et
355 4100 563 4170 hortandam,
578 4102 741 4175 quatenus
754 4100 935 4176 prudenter
988 4104 1140 4181 posuisti,
1156 4104 1367 4164 carissimum
1381 4104 1417 4162 in
1433 4101 1563 4162 Christo
1581 4100 1685 4161 fllium
1697 4117 1780 4163 nos·

139 4200 314 4264 attendens
335 4197 624 4273 malitiam,qnam
646 4195 753 4256 dictus
775 4199 933 4257 comesin
987 4202 1076 4262 trum
1107 4201 1272 4261 illustrem
1307 4214 1418 4273 regem
1456 4198 1578 4269 Daciae,
1613 4198 1782 4259 dominum

137 4300 247 4375 ipsum
262 4312 376 4373 regem
395 4294 555 4365 exercuit,
577 4308 653 4353 esse
676 4291 862 4353 nonsolum
876 4310 934 4355 ra·
986 4299 1090 4368 tuum,
1112 4298 1210 4372 rupto
1232 4295 1401 4355 fidelitatis
1421 4294 1554 4366 loedere,
1572 4296 1780 4372 captivando,
1836 4278 1838 4283 ¹

137 4396 229 4459 tione
246 4394 338 4463 iacti,
361 4391 419 4454 sed
433 4392 534 4453 etiam
548 4390 835 4465 rationeexernpli
850 4406 931 4466 gra-
986 4392 1151 4473 excitatus
1178 4391 1462 4467 increpationibus
1497 4394 1696 4469 apostolicis
1722 4408 1781 4453 re-

137 4510 212 4557 rem
225 4494 258 4554 et
283 4490 482 4553 omnimodis
493 4488 730 4559 detestandam,
745 4503 785 4549 ao
798 4502 859 4563 per
870 4488 933 4549 hoc
987 4503 1217 4565 cognosceres,
1233 4491 1275 4559 et,
1294 4488 1401 4565 ipsum
1422 4504 1534 4564 regem
1543 4490 1640 4565 juxta
1658 4490 1783 4551 exhor-

137 4608 200 4653 nec
220 4590 349 4657 decere,
365 4603 428 4648 nec
449 4586 618 4663 expedire,
640 4587 676 4647 nt
687 4585 774 4662 apud
787 4587 821 4647 te
833 4584 931 4646 favo·
985 4586 1128 4647 tationes
1142 4585 1273 4645 nostras
1287 4584 1391 4646 libere
1404 4584 1610 4656 dimittendo,
1631 4586 1780 4647 eamdem

137 4705 209 4751 rem
234 4685 384 4749 inueniat
404 4685 512 4746 dictus
538 4698 660 4752 eomes,
690 4683 747 4759 qui
769 4684 932 4743 vassallos
987 4684 1152 4745 maculam
1167 4698 1226 4759 per
1249 4682 1323 4744 citae
1343 4681 1579 4744 satisfactionis
1597 4684 1780 4744 remedium

138 4787 255 4848 contra
278 4784 431 4844 dominos
457 4783 491 4842 et
517 4779 664 4857 privatos
692 4780 809 4841 contra
836 4796 932 4856 reges
986 4778 1501 4852 aboleres.Tuvero,cnralamae
1515 4780 1580 4839 tuae
1593 4779 1781 4855 posthabita

137 4882 293 4958 exemplo
321 4896 390 4941 suae
414 4877 644 4955 perversitatis
670 4877 814 4937 armavit
839 4892 934 4939 eum·
986 4880 1020 4940 et
1043 4878 1269 4940 inculcatione
1299 4892 1432 4953 precum
1463 4892 1502 4939 ac
1539 4879 1781 4951 praeceptorum

303 1057 439 1124 [lleklenb.
450 1057 571 1116 Urlrand,
587 1058 607 1115 1,
619 1057 674 1116 319,
683 1071 708 1106 n.
723 1056 791 1121 did]

1009 3288 1061 3348 Ad
1083 3286 1284 3356 Henrlcum,
1308 3286 1468 3347 comitem
1488 3288 1760 3349 chrtneuscm.

1207 3674 1249 3729 De
1262 3671 1363 3729 eodem
1377 3679 1557 3745 argumento.

25 5050 26 5058 ἵ
137 4981 224 5051 dem,
240 4982 277 5041 ut
290 4978 356 5055 ipsi
370 4976 442 5051 regi
461 4975 616 5036 restituat
633 4974 765 5035 obsides
779 4976 812 5035 et
831 4990 934 5051 pecu·
987 4977 1175 5038 nostrorum
1203 4974 1335 5052 penitus
1362 4973 1529 5043 obandita,
1551 4972 1592 5032 ab
1611 4974 1684 5051 ipso
1703 4992 1781 5053 rege

137 5079 240 5149 niam,
265 5091 363 5154 quam
375 5078 446 5151 jam
469 5072 511 5133 ab
534 5073 608 5149 ipso
622 5072 758 5147 recepit,
775 5088 838 5134 nec
856 5090 932 5134 eum
987 5072 1157 5135 extorsisti
1169 5070 1676 5148 perviolentiamjuramentum,
1695 5074 1781 5150 qnod

137 5190 239 5252 snper
264 5171 430 5235 solutione
453 5168 580 5230 residui
604 5169 784 5230 molestare
798 5185 931 5245 praesu·
987 5171 1073 5232 lilios
1098 5186 1176 5231 suos
1201 5168 1332 5230 obsides
1358 5166 1418 5229 tibi
1443 5167 1536 5228 daret
1555 5168 1587 5229 et
1606 5170 1781 5245 quamdam

136 5274 218 5343 mat,
233 5271 357 5333 tradita
371 5268 432 5329 tibi
451 5267 581 5328 coelitns
602 5266 764 5343 potestate
783 5267 932 5343 compel-
985 5268 1046 5330 tibi
1060 5269 1204 5329 solveret
1219 5264 1367 5342 pecuniae
1382 5264 1611 5342 quantitatem,
1626 5266 1733 5343 ipsum
1747 5268 1781 5328 in

135 5371 199 5443 lae,
216 5368 405 5443 contempta
420 5366 514 5442 parte
534 5364 641 5441 ipsius
656 5365 816 5440 pecuniae,
833 5382 931 5442 quam
987 5366 1090 5427 biset
1113 5364 1189 5425 aliis
1213 5359 1469 5424 intolerabiliter
1497 5364 1725 5437 aggravando,
1747 5364 1782 5425 in

137 5468 238 5530 debes
265 5466 425 5541 recipere,
460 5463 547 5523 sicut
569 5462 684 5534 fertur,
713 5478 788 5522 cnm
809 5462 932 5523 diuinae
987 5478 1090 5539 grave
1105 5460 1334 5539 praejudicinm
1357 5459 1496 5520 subsidii
1511 5462 1621 5521 Terrae
1638 5462 1779 5533 Sanciae,

137 5566 304 5643 largitatis
316 5562 505 5638 benignitas
525 5561 574 5621 sic
597 5560 658 5620 tibi
674 5561 843 5636 aperuerit
857 5576 932 5621 ma·
987 5560 1028 5621 ad
1049 5560 1136 5637 quod
1150 5558 1326 5633 magnifiee
1341 5558 1596 5635 impendendum
1610 5558 1686 5619 ante
1699 5574 1781 5635 oap-

137 5681 201 5727 nus
217 5678 296 5725 suas
309 5661 407 5738 teque
416 5659 510 5721 tanta
522 5657 713 5719 divitiarum
724 5656 932 5736 aliorumque
985 5660 1112 5722 tionem
1125 5672 1219 5718 suam
1234 5655 1391 5718 solemnis
1404 5654 1635 5733 promissionis
1648 5654 1782 5721 vinculo
