4217 6400
170 303 217 362 37.
799 293 1029 356 EPlSTOLAE·
1053 293 1132 360 LIB.
1155 294 1196 354 X·
1774 297 1814 355 38

170 459 322 544 6666163,
336 456 534 518 auctoritate
547 454 609 517 tibi
624 454 838 530 praesentium
853 453 967 514 indul-

1022 452 1195 514 caritatem
1224 455 1314 513 tuam
1345 452 1456 514 debita
1482 455 1714 531 prosequimur
1736 471 1816 532 gra-

171 572 286 634 gemus
312 557 358 624 ut,
383 553 569 615 terminatis
589 551 699 613 causis
720 551 762 611 ab
778 551 968 626 Apostolica
1008 551 1144 611 siarum
1173 550 1313 610 actione.
1339 553 1462 610 Verum
1500 551 1614 612 fideles
1640 552 1815 627 religionis

170 654 232 716 tibi
248 652 332 714 Sede
342 650 539 720 commissis,
549 665 609 726 per
625 649 877 710 commissiones
889 663 969 708 nos-

172 754 254 819 tras,
269 765 351 827 quas
366 749 406 808 de
428 749 549 809 caetero
563 747 604 807 ad
619 748 652 809 te
666 745 839 822 impetrari
860 745 969 805 conti-

171 849 268 924 gerit,
285 863 353 908 non
366 846 513 907 tenearis
531 845 721 922 procedere,
732 843 798 904 nisi
811 841 851 902 de
862 841 969 902 indul-

172 945 284 1020 gentia
302 943 493 1020 hujusmodi
511 942 627 1002 fecerit
644 940 857 1002 mentionem.
874 939 968 1000 Nulli

174 1041 397 1118 ergoomnino
412 1040 584 1101 hominum
599 1039 700 1100 liceat
712 1038 799 1099 banc
812 1036 967 1114 paginam

173 1141 296 1200 nostrae
312 1137 537 1198 concessionis
549 1135 742 1210 infringere,
759 1135 814 1196 vel
833 1135 865 1194 ei
884 1150 968 1195 ausu

174 1236 354 1298 temerario
369 1236 547 1297 contraire.
566 1234 601 1294 Si
623 1234 697 1310 quis
712 1232 823 1294 autem
839 1233 902 1292 hoo
917 1232 969 1292 at-

172 1334 303 1395 tentare
313 1331 575 1408 praesumpserit,
591 1331 855 1406 indignationem
866 1329 969 1390 omni-

173 1427 315 1504 potentis
340 1427 399 1486 Dei
427 1426 460 1486 et
489 1427 661 1487 beatorum
686 1426 777 1486 Petri
801 1425 834 1485 61
856 1422 963 1493 Ρ6611,

175 1525 400 1601 apostolorum
416 1526 499 1598 ejus,
526 1539 561 1583 se
588 1523 719 1583 noverit
739 1523 963 1584 incursurum.

175 1622 293 1682 Datum
309 1621 477 1688 Laterani,
491 1623 522 1680 X
536 1621 605 1681 kal.
622 1619 744 1694 martii,
756 1617 967 1695 pontificatus

175 1718 281 1780 nostri
297 1733 385 1779 anno
403 1718 542 1778 decime.

529 1947 615 2034 dlv

175 2095 966 2171 6616666166,6666166166666611616166661.

425 2236 461 2294 20
479 2235 613 2292 februarii
633 2236 712 2293 tato.

203 2337 206 2344 Ι
283 2359 422 2423 [Sbaralea
434 2359 529 2408 bullar.
541 2357 676 2416 Franciso.‚
690 2358 709 2416 1,
722 2355 860 2420 61616]

178 2487 215 2544 lit
229 2482 330 2543 fratres
343 2483 450 2542 ordinis
466 2482 700 2551 predicatorum,
724 2489 753 2538 et
772 2482 912 2540 llinorum
934 2478 969 2535 ad

210 2587 333 2646 regnum
356 2571 527 2632 lliramolini
547 2585 598 2642 pro
622 2569 678 2627 lide
699 2569 802 2628 Christi
816 2566 968 2636 seruanda,

211 2669 239 2718 et
263 2659 405 2717 dilatanda
427 2659 570 2716 destinare
589 2664 684 2728 euret3
709 2658 781 2714 etsi
802 2655 969 2728 expedierit,

210 2747 593 2820 61161666111136613666661,
609 2746 653 2801 vol
668 2744 739 2801 duos
755 2744 792 2800 ibi
807 2744 968 2800 constituat.

215 2891 382 2952 Η6666163
393 2886 967 2966 episcopus,servasservorumbci‚

176 2987 361 3050 venerabili
376 2987 511 3048 fratri...
527 2987 779 3062 archiepiscopo
797 2984 967 3054 Toletano,

175 3085 361 3147 salutemet
376 3085 598 3160 Apostolicam
612 3083 889 3144 benedictionem.

217 3183 361 3257 Urgente
376 3181 478 3243 officii
492 3181 598 3242 nostri
614 3178 733 3247 debito,
756 3195 821 3255 quo
841 3176 970 3254 sapien·

176 3279 275 3351 tibus,
292 3280 325 3339 61
339 3277 583 3354 insipientibus,
602 3276 753 3335 fidelibus
774 3276 806 3336 61
826 3276 970 3336 infideli-

176 3376 237 3435 bus
253 3375 416 3435 efficimur
429 3372 606 3447 debitores,
624 3372 747 3432 dudum
767 3371 970 3432 fraternitati

175 3472 241 3533 1666
256 3470 406 3531 dedimus
421 3472 456 3530 in
471 3469 648 3540 mandatis
667 3469 702 3528 ui
724 3484 798 3528 cum
817 3469 851 3527 in
866 3483 969 3542 regno

177 3568 381 3629 Miramolini
394 3568 506 3644 plures
520 3566 694 3627 christiani
708 3564 830 3641 captivi
842 3564 969 3625 terrore

177 3680 360 3741 poenarum,
377 3666 411 3725 61
431 3665 547 3725 mortis
569 3664 776 3740 apostolasse
798 3662 967 3735 dicantur3

176 3763 257 3838 quin
280 3762 380 3823 etiam
401 3761 628 3837 pusillanimes
657 3760 693 3820 in
717 3760 781 3820 fide
814 3760 969 3821 nutantes

83 3936 87 3945 Ι
177 3860 218 3921 ad
235 3859 455 3935 praecipitium
472 3858 584 3919 essent
599 3857 713 3933 proni;
735 3857 865 3932 aliquos
880 3856 969 3917 viros

177 3956 355 4033 prudentes
379 3970 422 4015 ex
443 3955 603 4015 fratribus
626 3954 915 4025 Praedicatoribus,
938 3954 970 4015 et

177 4050 334 4110 iratribus
350 4050 534 4109 Minoribus
550 4050 630 4109 illuc
645 4050 842 4111 auctoritate
855 4052 970 4111 nostra

177 4146 420 4209 transmitteres
445 4144 485 4205 ad
512 4146 771 4205 convertendum
794 4146 966 4217 infideles,

178 4244 291 4305 divina
321 4244 430 4318 gratia
457 4243 648 4319 praeeunte,
678 4241 969 4317 praedicationibus

178 4343 211 4403 61
231 4340 393 4417 exemplis
422 4340 616 4413 erigendum
636 4339 811 4414 collapsos,
837 4340 970 4399 confor-

177 4439 314 4502 tandum
329 4437 458 4509 dubios,
475 4437 508 4497 61
522 4436 784 4497 confirmandum
804 4435 967 4497 robustos.

177 4536 368 4612 adjecimus
391 4536 547 4609 insuper,
577 4537 612 4594 61
644 4533 789 4609 aliquem
817 4548 860 4593 ex
887 4533 969 4609 ipsis

177 4632 336 4694 fratribus
355 4631 552 4692 auctoritate
576 4630 820 4707 apostolicam
840 4630 971 4707 episco-

177 4746 256 4806 pum
284 4743 518 4799 consecrares,
543 4728 600 4804 qui
622 4727 812 4803 pontificale
847 4727 968 4789 ibidem

178 4824 324 4887 officium
337 4826 518 4895 exerceret,
532 4840 597 4900 quo
611 4824 724 4885 fideles
743 4824 876 4885 illarum
891 4840 971 4901 par-

177 4924 259 4984 tium
280 4938 300 4983 a
322 4922 493 4997 tempore,
513 4936 577 4997 quo
592 4936 659 4982 non
673 4922 783 4983 exstat
794 4922 966 4982 memoria.

178 5018 367 5079 caruerunt.
398 5016 491 5077 Unde
517 5017 564 5088 tu,
598 5017 634 5077 61
658 5016 795 5077 devotus
818 5018 969 5078 ecclesiae

179 5114 285 5187 filius,
319 5114 495 5189 diligenter
525 5113 717 5174 mandatum
743 5114 968 5189 Apostolicum

179 5210 375 5287 peremnia
401 5209 538 5286 exsequi
567 5210 747 5281 curavisti,
782 5225 882 5286 super
904 5227 969 5287 quo

1022 647 1133 718 illius,
1164 648 1200 708 ut
1232 647 1379 707 veridica
1412 649 1575 709 relatione
1606 651 1814 726 accepimus,

1022 744 1114 805 tanto
1131 745 1266 820 6666166
1287 745 1350 805 hoc
1370 746 1516 821 tripudio
1538 746 1747 814 exultarunt,
1776 764 1816 807 ac

1023 841 1051 900 si
1073 856 1178 900 novus
1205 841 1254 900 eis
1276 841 1410 901 Lucifer
1435 842 1618 913 illuxisset,
1647 845 1816 920 multaque

1023 937 1212 1013 spiritualia
1226 937 1388 998 beneficia
1400 953 1460 1014 per
1472 940 1674 1017 episcopum,
1692 943 1725 1002 et
1742 941 1814 1002 fra-

1021 1037 1091 1095 tres
1116 1035 1293 1112 praedictos
1315 1035 1429 1096 divina
1457 1035 1590 1097 favente
1616 1039 1725 1114 gratia
1748 1044 1816 1100 tam

1022 1133 1116 1208 ipsis,
1135 1148 1233 1208 quam
1250 1132 1327 1192 aliis
1341 1135 1567 1209 provenerint,
1589 1135 1629 1196 de
1647 1153 1710 1212 quo
1728 1153 1816 1212 gau-

1023 1229 1138 1289 demus
1160 1231 1339 1306 plurimum
1361 1230 1396 1290 in
1423 1233 1573 1304 Domino,
1597 1232 1630 1293 et
1653 1233 1816 1294 laetamur.

1024 1327 1112 1388 Sane
1132 1343 1206 1388 oum
1227 1327 1390 1388 christani
1408 1344 1468 1403 666
1485 1329 1628 1401 diversa,
1646 1333 1679 1391 et
1691 1335 1817 1394 remota

1023 1423 1096 1484 loca
1114 1425 1206 1484 illius
1225 1426 1332 1500 regni,
1355 1426 1440 1502 quod
1463 1429 1563 1487 vastae
1588 1429 1817 1504 amplitudinis

1022 1536 1097 1581 esse
1106 1521 1314 1593 describitur,
1326 1521 1447 1598 ubique
1456 1523 1596 1600 dispersi
1611 1541 1677 1584 non
1690 1527 1818 1601 possint

1022 1618 1064 1679 ab
1079 1635 1146 1679 uno
1162 1619 1327 1696 episcopo,
1339 1621 1491 1696 etpaucis
1503 1621 1661 1682 fratribus
1673 1625 1815 1695 visitari,

1023 1717 1219 1793 praesertim,
1236 1721 1370 1793 propter
1395 1717 1560 1779 feritatem
1582 1721 1691 1796 gentis
1712 1721 1817 1790 illius,

1023 1813 1631 1894 quaecrudelitatenimiapersequitur
1642 1819 1818 1881 christiani

1024 1910 1168 1970 nominis
1184 1910 1409 1985 professores,
1427 1914 1460 1973 et
1479 1912 1599 1974 fratres
1619 1914 1718 1975 etiam
1732 1917 1821 1977 inter

1024 2007 1137 2068 hostes
1161 2010 1195 2068 et
1216 2008 1329 2068 rabias
1354 2010 1564 2070 saevientium
1594 2011 1819 2074 discurrentes

1024 2104 1246 2165 sacerdotalia
1261 2105 1466 2178 indumenta,
1481 2109 1514 2168 et
1533 2124 1614 2168 vasa
1632 2109 1818 2171 ministerio

1024 2200 1134 2262 dicata
1155 2218 1267 2262 secum
1287 2202 1418 2264 deferre
1445 2219 1512 2266 non
1537 2205 1673 2268 valeant
1695 2207 1820 2286 absque

1024 2298 1140 2359 mortis
1171 2299 1362 2361 discrimine
1389 2301 1585 2373 manifesto;
1615 2305 1818 2366 ineuitabilis

1025 2396 1237 2456 necessitatis
1253 2398 1413 2458 articulus
1433 2398 1597 2461 instanter
1612 2405 1761 2478 exposcit
1784 2405 1818 2464 in

1025 2494 1087 2553 hoo
1113 2494 1246 2568 negotio
1270 2493 1494 2561 abundantius
1521 2498 1700 2572 provideri.
1731 2503 1821 2571 Quo-

1025 2590 1115 2650 circa
1131 2590 1331 2652 fraternitati
1342 2593 1407 2653 166
1421 2609 1480 2668 666
1493 2596 1683 2670 Apostolica
1696 2598 1820 2674 scripta

1025 2688 1248 2763 praecipiendo
1268 2690 1481 2761 mandamns,
1508 2694 1670 2768 quatenus
1700 2693 1820 2755 fratres

1025 2783 1198 2862 utriusque
1228 2785 1355 2845 ordinis
1384 2787 1560 2861 providos,
1600 2793 1633 2850 et
1658 2790 1819 2853 discretos

1025 2882 1186 2941 zelatores
1204 2883 1402 2954 animarum,
1426 2885 1459 2944 61
1482 2884 1516 2943 16
1537 2885 1659 2948 Christi
1674 2889 1819 2950 nominis

1026 2977 1234 3039 confessione
1253 2982 1459 3051 constantes,
1482 2982 1633 3057 quotiens
1647 3001 1731 3060 6663
1747 2985 1820 3046 fue-

1026 3075 1079 3146 rit,
1095 3078 1128 3137 et
1149 3076 1346 3152 expedierit,
1362 3079 1403 3136 ad
1421 3078 1513 3138 illam
1533 3082 1738 3155 prouinciam
1760 3100 1818 3159 666

1025 3173 1093 3233 tam
1109 3174 1309 3245 necessario,
1334 3175 1367 3236 61
1388 3176 1564 3238 excellenti
1587 3194 1686 3256 opere
1711 3181 1817 3243 desti-

1025 3286 1107 3331 nare
1126 3288 1309 3349 procures:
1326 3272 1359 3334 61
1380 3274 1424 3345 31,
1446 3276 1482 3335 61
1501 3275 1596 3335 nobis
1616 3279 1816 3353 suggeritur,

1024 3369 1312 3443 pernecessarium
1334 3386 1407 3430 esse
1430 3375 1637 3446 cognoveris,
1663 3379 1695 3436 et
1717 3392 1820 3452 expe-

1025 3465 1818 3546 diens‚unumvelduosexipsismagisoruditos

1025 3562 1060 3620 in
1075 3562 1148 3636 lege
1164 3562 1306 3634 Domini,
1324 3565 1357 3625 et
1371 3565 1406 3625 in
1422 3565 1545 3626 Christi
1561 3568 1737 3630 dilectione
1751 3571 1819 3631 fer-

1024 3661 1139 3720 ventes
1163 3660 1199 3719 in
1222 3662 1395 3736 episcopos
1415 3678 1621 3736 consecrare,
1639 3681 1678 3726 ac
1705 3668 1746 3727 ad
1767 3668 1819 3728 di-

1023 3772 1122 3817 uersa
1150 3758 1222 3817 loca
1248 3758 1383 3817 illarum
1409 3761 1553 3837 partium
1582 3763 1622 3821 ad
1646 3767 1819 3841 evangeli-

1023 3855 1176 3925 zandum,
1193 3853 1226 3915 et
1235 3854 1424 3931 pontificale
1438 3856 1582 3919 officium
1596 3863 1817 3923 exercendum

1023 3952 1059 4012 in
1074 3953 1237 4028 susceptae
1250 3955 1454 4028 paupertatis
1470 3954 1657 4018 humilitate
1673 3958 1817 4035 dirigere

1024 4049 1165 4125 poteris;
1199 4051 1299 4127 prout
1333 4050 1435 4111 fuerit
1462 4056 1701 4128 opportunum,
1734 4058 1817 4119 dans

1023 4146 1106 4223 ipsis
1125 4146 1265 4206 consilia
1286 4146 1450 4219 salubria,
1480 4150 1512 4209 61
1536 4150 1653 4210 3616113
1677 4156 1815 4227 monita,

1025 4243 1187 4319 quomodo
1212 4247 1307 4303 caute
1331 4242 1417 4318 apud
1446 4244 1524 4305 illos
1547 4246 1719 4311 ambulare
1745 4253 1818 4314 stu-

1024 4338 1134 4410 deant,
1148 4339 1204 4414 qui
1220 4340 1297 4400 sunt
1310 4338 1403 4407 foris,
1419 4356 1484 4402 non
1500 4345 1595 4419 qnasi
1608 4346 1814 4423 insipientes,

1024 4435 1207 4503 indiscreti,
1222 4436 1256 4497 61
1275 4437 1472 4515 6666161163,
1497 4441 1554 4501 sed
1578 4444 1614 4503 ut
1637 4444 1815 4518 sapientes

1024 4533 1165 4608 providi,
1182 4533 1214 4593 61
1240 4534 1374 4606 maturi,
1396 4537 1536 4612 tempus,
1562 4541 1598 4600 ut
1619 4541 1814 4617 expedierit,

1023 4629 1235 4699 redimentes,
1247 4632 1399 4692 omnibus
1412 4635 1523 4694 omnia
1540 4633 1619 4696 facti
1635 4640 1815 4701 secundum

1023 4727 1172 4803 Apostoli
1199 4728 1440 4802 magisterium,
1469 4732 1506 4791 ut
1532 4731 1663 4793 Christo
1693 4735 1815 4797 multos

1024 4824 1249 4894 lucrifaciant,
1279 4826 1478 4902 616661636
1494 4828 1611 4888 messis
1637 4829 1814 4894 abundan-

1023 4920 1104 4981 tiam
1121 4920 1269 4982 inferant
1294 4921 1424 4983 horreis
1449 4923 1636 4997 dominicis,
1653 4930 1815 4990 mercedis

1022 5018 1279 5079 immensitatem
1323 5034 1383 5095 pro
1424 5019 1549 5080 laboris
1585 5026 1814 5099 magnitudine

1023 5115 1232 5191 postmodum
1266 5116 1443 5191 recepturi.
1483 5119 1601 5179 Datum
1636 5123 1814 5196 Laterani,

1023 5214 1053 5271 X
1077 5211 1145 5271 kal.
1167 5211 1291 5279 martii,
1312 5226 1399 5273 anno
1421 5212 1560 5274 decimo.
1589 5218 1599 5235 ·
