4217 6400
777 272 1004 336 EPISTOLAE·
1027 273 1106 338 ΜΒ.
1129 273 1184 334 XI.
1744 275 1802 340 loo

492 434 634 526 XXXV
713 466 715 469 -
1008 430 1059 494 tia
1081 431 1129 494 sic
1152 429 1307 493 duximus
1331 429 1552 504 statuendum,
1580 432 1617 507 ut
1644 431 1800 501 videlicet

1010 529 1082 606 lpse
1096 529 1276 605 imperator
1291 545 1351 605 pro
1364 530 1553 592 reverentia
1567 532 1647 591 Jesu
1661 530 1798 602 Christi,

422 698 698 813 fflffllwllwlae·
829 706 833 728 ⁸
1010 738 1050 784 ac
1066 722 1196 798 imperii
1209 723 1343 784 nomine
1357 723 1411 790 iis,
1426 723 1482 798 qui
1497 724 1575 784 sunt
1589 723 1629 784 de
1644 724 1802 788 societate

432 832 589 906 Mannum
609 834 688 892 liti.
1007 819 1180 896 jamdicta,
1205 819 1440 882 universaliter
1459 820 1600 896 singulis
1622 821 1654 884 et
1682 821 1802 898 singu-

259 963 523 1024 [sariram-armenes
547 965 602 1016 nist
621 966 648 1016 di
666 966 719 1016 rom
753 965 865 1030 nm]
1010 915 1128 978 lariter
1155 915 1320 978 universis
1347 917 1494 978 remittat
1521 933 1652 979 omnem
1677 933 1802 980 ranco-

193 1086 199 1100 .
261 1087 267 1099 ¹
525 1003 532 1023 ¹
603 1004 609 1016 ·
649 982 665 1031 Ρ
722 1003 739 1025 ·’
775 1002 783 1025 ’
1010 1029 1093 1084 rem,
1120 1012 1400 1084 malevolentiam,
1419 1013 1563 1089 injurias
1586 1017 1620 1076 et
1639 1014 1801 1092 offensas3

165 1087 217 1144 Eu
229 1088 313 1144 nlrttit
327 1089 525 1160 compromissi
547 1089 678 1159 formam,
692 1089 768 1162 quod
788 1091 843 1163 ipsi
856 1097 886 1147 et
899 1092 954 1148 lto·
1011 1110 1123 1172 omnia
1147 1124 1276 1187 quoque
1295 1109 1417 1181 panna,
1440 1111 1703 1184 ροηειῑιηῇοῃθς,
1725 1129 1805 1174 sen-

201 1189 351 1232 manorum
367 1176 521 1249 imperator
539 1179 569 1234 in
589 1178 769 1251 providentia
787 1176 955 1238 111991119-
1011 1208 1133 1270 tonnas
1148 1211 1181 1270 et
1195 1207 1435 1278 ordinamenta,
1459 1221 1532 1284 quae
1551 1207 1639 1281 fecit,
1661 1210 1714 1271 vel
1735 1211 1803 1272 Im,

201 1268 276 1320 ifflffl
290 1278 408 1322 ⁸¹¹⁰f¹¹¹¹¹
419 1273 584 1336 imiimi·
1012 1305 1122 1382 posuit
1136 1319 1256 1381 perse,
1272 1305 1326 1366 vel
1338 1319 1399 1380 per
1412 1304 1526 1376 alium,
1546 1304 1675 1368 aliusve
1690 1321 1749 1382 pro
1764 1321 1804 1370 eo

206 1399 873 1476 Honoriusepiscopus,servusservorum
883 1401 955 1473 Dei,
1011 1401 1162 1464 societati
1183 1401 1236 1462 vel
1257 1401 1359 1462 alicui
1380 1399 1422 1461 de
1444 1401 1603 1464 societate
1631 1402 1801 1478 predicta,

166 1494 353 1557 rectoribus
375 1497 544 1558 societatis
565 1496 783 1570 Lombardiae,
798 1498 957 1559 Marchiae
1012 1496 1213 1569 civitatibus,
1238 1497 1321 1560 locis
1336 1499 1369 1558 et
1387 1497 1540 1574 personis
1555 1499 1595 1560 de
1610 1498 1684 1574 ipsa
1696 1499 1806 1562 socie·

164 1607 205 1653 ac
218 1593 434 1665 Romaniolae,
446 1597 510 1655 etc.
1011 1596 1091 1662 tate,
1105 1595 1138 1655 et
1149 1609 1363 1671 quaecumque
1378 1609 1422 1656 ex
1435 1594 1496 1667 eis,
1514 1594 1567 1655 vel
1583 1595 1623 1657 ob
1637 1611 1676 1656 ea
1690 1598 1805 1658 secuta

205 1691 285 1765 Ejus
299 1689 419 1756 locum,
435 1691 514 1752 licet
531 1689 704 1762 immeriti,
721 1690 907 1752 obtinentes
921 1691 957 1752 in
1011 1693 1100 1762 sunt,
1117 1691 1247 1767 penitus
1269 1690 1402 1754 revocet
1420 1694 1452 1754 et
1467 1691 1657 1768 specialiter
1679 1693 1807 1756 consti·
1893 1773 1895 1778 ι

164 1785 275 1858 terris,
293 1786 349 1862 qui
369 1802 435 1863 pax
452 1787 655 1849 nostraiecit
677 1789 818 1864 utraque
841 1804 955 1860 unum,
1011 1788 1174 1850 tutionem
1196 1787 1317 1850 iactam
1341 1787 1382 1849 de
1403 1787 1523 1872 studio,
1547 1790 1580 1850 et
1598 1789 1806 1852 studentibus
1935 1868 1939 1877 ,

163 1882 248 1943 duos
273 1884 418 1959 parietes
438 1884 610 1945 venientes
629 1884 795 1945 ediverso
811 1886 956 1961 conjun-
1011 1885 1188 1956 Bononiae,
1202 1885 1377 1948 universos
1393 1886 1427 1947 et
1437 1885 1597 1962 singulos,
1624 1886 1681 1964 qui
1704 1901 1806 1948 occa·

164 1993 246 2055 gens
260 1979 296 2038 in
311 1979 419 2055 seipso
434 1979 545 2057 lapide
557 1979 722 2056 angulari,
743 1980 957 2042 nascentibus
1011 1981 1106 2044 sione
1132 1981 1275 2058 alicujus
1296 1981 1528 2058 praedictorum
1550 1983 1622 2044 laesi
1635 1983 1803 2056 videntur,

164 2075 323 2137 dehemus
347 2076 484 2137 obviare
509 2077 697 2149 discordiis,
723 2080 757 2140 et
784 2077 957 2139 intendere
1011 2079 1192 2140 restituens
1213 2079 1248 2140 in
1268 2079 1434 2154 integrum
1459 2079 1496 2138 in
1517 2079 1680 2152 omnibus,
1698 2083 1730 2142 et
1746 2095 1805 2156 per

165 2173 308 2254 sollicite
322 2189 361 2234 ac
371 2174 549 2249 diligenter
562 2175 603 2235 ad
624 2191 675 2247 ea,
692 2191 766 2252 quae
781 2179 858 2237 sunt
872 2191 956 2235 con·
1012 2176 1125 2238 omnia
1149 2191 1209 2236 suo
1224 2175 1324 2238 statui
1346 2177 1445 2252 atque
1471 2174 1584 2247 famae,
1607 2177 1806 2238 remittendo

164 2270 299 2342 cordiae,
325 2271 465 2333 unitatis
484 2272 518 2333 et
543 2272 648 2348 pacis.
668 2275 748 2333 Cum
761 2288 841 2348 ergo
852 2289 958 2348 nuper
1012 2271 1184 2334 infamiam
1198 2286 1346 2344 emnem,
1370 2272 1403 2333 91
1426 2287 1569 2347 poenam,
1591 2287 1664 2350 quae
1684 2275 1806 2338 secutae

163 2367 254 2430 inter
268 2367 478 2432 carissimum
492 2369 669 2432 inchristo
689 2370 795 2432 illium
808 2374 958 2432 nostrum
1012 2371 1091 2432 sunt
1113 2385 1157 2431 ex
1181 2369 1294 2446 aliqua
1319 2369 1565 2445 praedictorum,
1587 2369 1632 2430 ita
1659 2367 1745 2445 quod
1766 2384 1806 2430 ea

163 2464 370 2527 Fridericum
380 2467 603 2528 Romanorum
612 2467 858 2544 imperatorem,
871 2481 957 2527 sem·
1011 2483 1087 2544 quae
1102 2466 1211 2528 medio
1225 2467 1375 2542 tempore
1398 2479 1458 2542 per
1474 2480 1531 2526 eos
1547 2468 1621 2528 acta
1636 2468 1723 2537 sunt,
1739 2481 1807 2528 non

164 2563 417 2637 perangustum
439 2564 472 2624 et
499 2578 611 2639 regem
636 2564 772 2635 Siciliae,
786 2566 885 2640 atque
898 2578 958 2625 vos
1012 2562 1221 2626 obstantibus
1252 2561 1464 2638 supradictis,
1486 2561 1589 2624 rolurr
1622 2562 1804 2634 obtineant,

164 2657 333 2720 discordia
347 2659 421 2720 orta
440 2661 544 2733 esset;
559 2676 621 2721 nos
638 2660 857 2731 attendentes,
872 2659 957 2736 quod
1013 2660 1100 2737 quod
1115 2659 1200 2722 alias
1220 2659 1403 2721 debuerant
1419 2659 1579 2720 obtinere.
1601 2659 1649 2722 lid
1666 2659 1808 2722 1199991-

163 2770 232 2825 res,
259 2753 328 2816 nisi
346 2754 563 2816 absisteretur
581 2756 767 2832 principiis,
784 2756 960 2818 ridebatur
1012 2756 1145 2827 vitatas,
1167 2757 1241 2818 loca
1262 2756 1296 2846 et
1314 2771 1475 2832 personas
1496 2755 1538 2816 de
1555 2757 1628 2832 ipse
1649 2757 1807 2818 societate

163 2851 267 2914 altius
290 2865 519 2926 progressura,
545 2853 578 2913 et
605 2855 726 2928 praeter
747 2852 959 2915 difficultates
1012 2854 1153 2930 recipiat
1175 2853 1211 2914 in
1233 2869 1302 2914 suae
1325 2853 1443 2928 gratia
1459 2851 1696 2929 plenitudinem
1711 2854 1744 2915 et
1757 2855 1806 2914 eis

164 2948 251 3010 alias
265 2947 408 3009 allatura
420 2947 691 3024 impedimentum
703 2951 836 3025 negotio
847 2952 959 3012 Terroe
1012 2949 1115 3012 iaciat
1125 2950 1254 3012 lirmam
1268 2965 1395 3027 pacem,
1410 2949 1600 3026 specialiter
1621 2951 1808 3012 marchioni

165 3044 307 3115 Sancta,
335 3059 396 3120 pro
412 3060 476 3121 quo
491 3045 543 3108 est
555 3047 647 3107 tanto
666 3047 814 3123 tempore
826 3045 960 3108 labora·
1012 3047 1264 3120 Montislerrati,
1290 3047 1493 3118 Mediolano,
1517 3048 1707 3120 Placentiae,
1722 3051 1807 3109 Ver·

164 3143 246 3213 tum,
273 3142 409 3219 dignum
432 3142 588 3205 duximus
611 3144 822 3220 interponere
847 3146 959 3221 partes
1013 3145 1119 3218 cellis,
1144 3145 1320 3218 Bononia,
1357 3145 1544 3219 Fauentiae,
1580 3145 1803 3219 Alexandriae,

166 3241 311 3311 nostras,
328 3240 362 3301 et
374 3239 452 3315 igne
467 3239 669 3316 hujusmodi,
679 3243 858 3317 antequam
868 3243 959 3303 vires
1013 3245 1170 3316 Tausius,
1194 3244 1327 3315 Laudas,
1353 3245 1526 3319 Bergamo,
1547 3243 1682 3314 Briniae,
1706 3245 1806 3305 Man·

164 3335 411 3412 assumpsisset,
443 3336 603 3408 extincto,
637 3338 795 3412 maribus
824 3338 959 3401 obviare
1013 3344 1092 3413 tuae„
1120 3344 1273 3412 Verona,
1301 3340 1435 3412 Paduae,
1455 3340 1626 3411 vicentiae,
1644 3340 1804 3411 Terrisio‚

164 3432 335 3508 periculis,
360 3447 434 3510 quae
458 3432 592 3510 quidem
617 3450 661 3495 ex
683 3434 759 3506 hoc,
787 3434 959 3497 1119119111-
1013 3437 1324 3507 cremaeAEerrariae
1337 3434 1805 3509 etcomitibusdeBlandrato,

164 3530 291 3607 pestive
304 3531 544 3603 occurreretur,
559 3532 713 3608 poterant
726 3532 871 3593 evenire.
884 3534 959 3608 Ipso
1013 3533 1156 3608 aliisque
1177 3532 1272 3603 locis,
1302 3532 1336 3592 et
1361 3530 1514 3607 personis
1538 3529 1739 3606 quibuslibet
1752 3548 1808 3592 sc-

163 3626 268 3702 igitur
292 3627 493 3703 imperatore
524 3644 565 3691 ac
590 3629 686 3691 vobis
718 3630 823 3691 totum
850 3629 959 3705 ipsum
1013 3629 1143 3692 cietatis
1163 3628 1321 3705 ejusdem.
1336 3627 1567 3689 Faciat'etiam
1582 3628 1714 3689 restitui
1724 3643 1807 3704 cap-

165 3724 335 3800 negotium
354 3724 390 3784 in
411 3726 537 3797 nostra,
560 3727 593 3789 91
616 3726 757 3789 aarum
771 3726 959 3788 nostrorum
1013 3726 1111 3797 rivos,
1135 3724 1190 3802 qui
1215 3724 1293 3785 sunt
1313 3722 1402 3799 capti
1426 3722 1603 3784 occasione
1625 3722 1724 3800 hujus
1739 3722 1809 3783 dis-

164 3820 378 3897 providentia
391 3821 425 3884 91
438 3822 668 3899 dispositione,
684 3824 788 3887 libere
802 3841 842 3887 ac
856 3825 958 3885 abso-
1013 3823 1153 3895 cordiae,
1183 3837 1259 3886 cum
1286 3820 1382 3883 bonis
1413 3834 1539 3892 eorum,
1565 3820 1706 3892 acatia,
1734 3836 1808 3898 quae

164 3917 234 3979 tute
265 3918 474 3994 ponentibus,
503 3919 604 3996 idque
628 3922 876 3985 declarantibus
900 3938 960 3999 per
1014 3920 1189 3985 occasione
1209 3918 1314 3995 ipsius
1333 3917 1509 3981 discordiae
1532 3918 1629 3995 capta
1654 3918 1732 3980 sunt
1754 3918 1808 3979 vel

164 4013 307 4085 litteras,
317 4014 350 4075 et
362 4014 492 4089 publica
503 4016 735 4087 instrumenta,
750 4034 811 4081 nec
821 4034 888 4079 non
900 4035 960 4094 per
1013 4019 1157 4081 detenta.
1170 4014 1560 4093 insuperquoqueiaciat
1571 4014 1644 4076 fieri
1657 4016 1808 4091 patentes

165 4106 331 4169 solemnes
352 4111 585 4184 procuratores
608 4114 642 4172 et
659 4114 805 4186 nuntios,
824 4118 960 4191 propter
1012 4116 1141 4179 litteras
1170 4130 1213 4179 ex
1236 4115 1330 4190 parte
1354 4112 1415 4173 illii
1441 4110 1505 4181 sui,
1522 4111 1607 4187 qued
1633 4128 1749 4186 pacem
1776 4114 1809 4174 et

164 4204 230 4265 boc
245 4203 288 4265 ab
309 4205 450 4282 utraque
472 4207 567 4282 parte
580 4207 622 4267 ad
642 4210 790 4271 nostram
805 4226 958 4285 praesen·
1013 4211 1226 4273 concordiam
1239 4210 1337 4271 istam
1352 4209 1460 4270 ratam
1473 4206 1608 4269 habebit
1621 4210 1654 4269 et
1664 4209 1806 4283 firmam,

163 4301 245 4363 tiam
260 4301 455 4375 destinatos,
468 4318 544 4364 eum
555 4302 644 4366 inter
657 4305 777 4367 caetera
786 4305 904 4369 luisset
917 4324 959 4369 ex
1012 4310 1049 4371 et
1071 4306 1216 4369 remittet
1239 4305 1309 4365 illis
1332 4304 1374 4365 ds
1397 4304 1555 4367 societate
1577 4321 1707 4367 omnem
1724 4322 1808 4369 ran-

163 4398 259 4475 parte
273 4397 379 4475 ipsius
398 4400 610 4476 imperatoris
628 4404 855 4478 propositum,
872 4404 958 4480 quod
1013 4418 1135 4474 coram,
1155 4401 1434 4473 malevolentiam,
1448 4401 1592 4479 injurias
1607 4404 1641 4465 91
1652 4403 1808 4465 offensas

163 4494 364 4571 impediente
397 4499 555 4561 societate
598 4501 729 4572 vestra,
764 4501 959 4578 nequiverat
1052 4501 1095 4563 Hi
1106 4514 1187 4562 vero
1202 4500 1259 4577 qui
1274 4500 1352 4561 sunt
1364 4498 1404 4560 de
1415 4498 1754 4575 societatejamdicta,
1767 4500 1809 4561 ad

160 4593 260 4668 juxta
285 4593 490 4667 propositam
514 4611 610 4658 suum
634 4597 816 4673 procedere
843 4599 959 4661 contra
1012 4598 1173 4659 honorem
1210 4596 1271 4661 Dei
1300 4595 1556 4671 omnipotentis,
1590 4596 1624 4657 et
1653 4596 1809 4657 Ecclesiae

163 4688 362 4766 pravitatem
376 4690 580 4763 haeretimm,
596 4708 669 4770 quae
688 4695 801 4770 partes
820 4695 900 4756 illas
913 4695 959 4759 di·
1011 4696 1223 4758 sanctarena
1244 4708 1284 4755 ac
1297 4693 1404 4769 ipsius
1419 4692 1644 4768 imperatoris,
1662 4693 1742 4753 dent
1758 4693 1808 4753 ei-

163 4787 251 4847 citur
271 4787 419 4861 graviter
439 4787 607 4862 iniecisse,
625 4806 665 4851 ac
682 4791 832 4853 relevare
851 4791 957 4855 liber·
1012 4792 1087 4855 dem
1099 4790 1294 4867 imperatori
1308 4806 1368 4867 pro
1384 4789 1533 4851 sudsidio
1551 4792 1662 4849 Terrae
1678 4791 1808 4854 Sanctae

162 4881 265 4943 tatem
280 4882 552 4956 ecclesiasticam,
569 4900 642 4963 quae
662 4886 784 4951 ibidem
798 4889 959 4965 multipli-
1012 4890 1047 4950 in
1058 4888 1214 4966 expensis
1226 4886 1376 4965 9111119111
1388 4885 1557 4949 societatis
1569 4884 1807 4965 perbiennium

162 4979 248 5041 citer
270 4978 484 5043 asserebatur
507 4996 677 5058 oppressa,
702 4999 764 5045 nec
777 5000 958 5061 procurare
1012 4986 1135 5049 milites
1159 4985 1431 5063 quadringentos,
1457 4982 1702 5057 acivitatibus,
1723 4984 1806 5047 locis

163 5074 349 5139 subsidium
382 5078 495 5138 Terrae
529 5080 671 5150 Sancte,
709 5082 956 5158 propterquod
1012 5084 1046 5145 et
1065 5082 1217 5161 personis
1232 5080 1400 5158 inperiali
1414 5079 1623 5147 excellentiae
1637 5081 1808 5143 adheren-

162 5172 354 5247 specialiter
377 5172 420 5233 ad
441 5175 553 5249 partes
575 5176 667 5251 ipsas
690 5177 832 5241 duxerat
856 5194 956 5241 acce-
1010 5180 1111 5252 tibus,
1140 5182 1209 5241 tam
1233 5178 1472 5241 ecclesiasticis
1487 5192 1586 5253 quam
1609 5179 1805 5251 mundanis,

162 5267 317 5339 dandum,
339 5270 491 5345 quodque
506 5272 628 5347 captivi
643 5272 709 5335 sibi
725 5276 841 5337 contra
854 5278 911 5351 jus
925 5275 958 5339 et
1011 5276 1137 5339 iaciant
1150 5291 1265 5353 pacem
1285 5276 1318 5336 et
1331 5273 1572 5337 inviolabiliter
1586 5276 1729 5349 servent,
1747 5292 1807 5337 re-

162 5360 324 5425 honorem
339 5366 472 5447 imperii
487 5367 620 5430 fuerant
631 5369 797 5445 denegati.
1011 5374 1179 5434 mittentes
1192 5374 1242 5433 eis
1258 5356 1808 5443 omnemrancorem,malev01cn-

203 5462 272 5522 Nos
298 5460 351 5521 his
376 5466 410 5524 et
435 5462 513 5523 aliis
537 5480 610 5540 quae
631 5464 766 5528 suerunt
786 5466 957 5529 hincinde
1010 5470 1103 5541 tiam,
1114 5469 1255 5546 injurias
1266 5468 1299 5529 91
1308 5467 1464 5539 offensas,
1480 5469 1684 5529 acrevocent
1695 5470 1807 5529 omnia

163 5557 345 5634 proposita,
362 5558 497 5634 plenius
512 5561 700 5632 intellectis,
717 5562 758 5625 de
779 5564 959 5641 providen—
1010 5564 1132 5638 banna,
1150 5564 1414 5636 constitutiones,
1432 5564 1615 5625 sententias
1630 5567 1663 5624 et
1677 5566 1820 5627 ordina-¹
