4217 6400
150 259 212 320 rol
766 257 994 320 EPISTOLAE.
1016 257 1096 318 LIB.
1119 257 1175 316 xl.
1718 251 1790 312 402

145 414 372 492 juramentum
415 414 672 487 monasterium,
712 415 944 480 cisterciensis
997 414 1102 476 ditum
1113 413 1234 490 viginti
1250 412 1435 475 modiorum
1452 411 1608 473 frumenti
1621 409 1733 472 domui
1748 408 1789 472 de

149 512 288 584 ordinis,
312 511 451 574 fundare
471 513 654 586 desideret,
676 529 716 574 ac
739 515 865 584 dotare,
882 513 943 574 tibi
998 511 1172 582 Casolutis,
1187 510 1415 572 Cisterciensis
1431 509 1568 580 ordinis,
1584 523 1656 585 quae
1667 508 1702 568 in
1715 508 1788 569 loco

149 609 315 671 instanter
342 625 381 671 ac
411 609 582 672 humiliter
609 611 826 688 supplicavit,
852 612 888 671 ut
911 610 944 670 ei
997 608 1091 670 arido
1118 609 1182 668 sita
1205 607 1394 683 hujusmodi
1416 606 1627 682 eleemosyna
1648 604 1787 679 indiget,

151 722 253 782 super
266 706 330 768 hoo
339 707 431 768 tuum
443 707 665 783 impertireris¹
672 723 856 778 assensum,
869 723 943 768 cum
997 706 1032 766 in
1050 705 1390 780 recompensationem
1406 703 1588 780 supradicti
1604 702 1714 778 operis
1728 717 1788 760 as-

149 804 287 881 peratus
306 804 350 866 sit
369 804 571 866 sufficientes
594 805 742 866 redditus
767 805 944 866 conventui
998 803 1132 877 signare
1155 801 1390 878 supplicantes,
1416 803 1452 861 ut
1472 802 1648 876 acceptare
1671 798 1791 875 hujus·

152 900 372 978 quadraginta
380 901 942 979 monachoruminpossessionibus,
998 899 1087 959 modi
1104 898 1445 975 recompensationem
1461 898 1685 972 dignaremur.
1701 895 1791 956 Visis

151 998 186 1058 et
197 999 273 1058 aliis
283 999 497 1075 proventibus
507 1000 691 1074 assignare.
702 1003 751 1059 Tu
761 1015 853 1070 vero,
868 999 946 1059 licet
998 996 1101 1071 igitur
1121 995 1253 1065 litteris,
1271 1011 1353 1071 quas
1368 1011 1427 1056 vos
1442 994 1510 1076 ipsi
1529 1009 1602 1054 cum
1618 991 1790 1054 nonnullis
1840 1011 1869 1041 .·
1962 979 1964 986 '

151 1097 220 1156 tam
236 1095 289 1172 pio
302 1098 335 1156 et
349 1095 525 1159 favorabili
538 1096 704 1157 desiderio
723 1096 865 1158 libenter
880 1112 944 1156 an·
999 1092 1076 1152 aliis
1104 1092 1198 1153 nobis
1226 1108 1325 1168 super
1358 1091 1548 1168 hujusmodi
1580 1090 1712 1164 negotio
1739 1087 1793 1148 di-

152 1207 285 1263 nueres‚
316 1199 443 1254 memor
474 1194 585 1254 tamen
614 1194 741 1270 proprii
765 1192 946 1270 juramenti
999 1190 1145 1259 rexistis
1163 1188 1366 1250 fraternitati
1386 1189 1506 1249 vestrae
1525 1203 1585 1264 per
1602 1185 1792 1262 apostolica

153 1290 240 1365 quod
253 1289 349 1350 nobis
363 1290 403 1350 de
417 1290 694 1366 possessionibus
712 1291 745 1351 et
758 1290 866 1350 iendis
879 1305 946 1364 non
1000 1285 1124 1359 scripta
1139 1285 1345 1355 mandamus,
1361 1285 1523 1360 quatenus
1537 1283 1577 1342 ad
1591 1281 1700 1342 locum
1713 1295 1794 1356 per-

153 1387 341 1448 alienandis
355 1387 573 1448 Nivernensis
585 1387 735 1448 ecclesiae
750 1385 945 1463 praestitisti,
1001 1381 1162 1442 sonaliter
1174 1382 1351 1452 accedatis,
1368 1382 1403 1440 in
1418 1396 1482 1456 quo
1499 1379 1564 1455 ipsi
1583 1378 1712 1439 nobiles
1728 1391 1794 1438 vo-

154 1482 324 1555 dubitasti,
333 1484 366 1545 et
375 1483 505 1556 merito,
513 1484 682 1546 licentiam
693 1483 758 1544 sibi
766 1483 948 1545 concedere
1000 1478 1074 1538 lunt
1095 1477 1286 1554 hujusmodi
1300 1477 1466 1537 redditum
1488 1475 1660 1551 assignare
1682 1473 1796 1534 domui

153 1581 355 1658 postulatam
388 1581 462 1642 sine
490 1582 606 1643 nostra
631 1580 768 1643 licentia
796 1579 945 1656 speciali.
1001 1573 1212 1648 supradictae,
1240 1575 1272 1634 et
1302 1574 1331 1633 si
1362 1572 1524 1643 videritis,
1563 1571 1649 1648 quod
1677 1570 1797 1631 domus

153 1681 279 1741 Verum
293 1693 368 1738 cum
383 1678 535 1754 plantare
553 1694 674 1740 novam
693 1678 900 1753 religionem,
915 1678 949 1738 et
1002 1671 1173 1731 eadem-ox
1187 1671 1259 1746 ipso
1275 1670 1348 1731 loco
1366 1670 1470 1746 possit
1484 1669 1677 1745 praedictam
1688 1682 1797 1745 quan-

153 1774 268 1837 tovere
280 1774 463 1851 plantatam
473 1775 580 1837 modis
593 1774 745 1836 omnibus
757 1773 945 1844 debeamus,
1001 1767 1130 1828 titatem
1142 1766 1300 1828 frumenti
1310 1767 1481 1844 percipere
1491 1767 1673 1836 annuatim,
1688 1766 1722 1825 et
1731 1763 1806 1840 ipsi.

153 1869 358 1933 fraternitati
369 1873 437 1933 tuae
451 1887 512 1947 per
520 1871 711 1947 Apostolica
725 1871 849 1946 scripta
858 1885 950 1930 man·
1002 1863 1129 1925 nobiles
1141 1862 1312 1939 praelatum
1324 1863 1488 1930 redditum
1498 1861 1618 1923 ibidem
1627 1860 1796 1923 voluerint

155 1968 283 2039 damus,
309 1969 483 2044 quatenus,
500 1983 568 2029 non
586 1968 737 2030 obstante
759 1966 949 2044 huJusmodi
1002 1961 1110 2022 eidem
1129 1961 1242 2021 domui
1260 1961 1446 2040 assignare,
1460 1975 1530 2031 vos,
1546 1957 1796 2035 postquam-ipsi

150 2067 352 2142 juramento,
377 2065 535 2140 praedicto
557 2065 663 2126 nobili
686 2063 885 2140 postulatam
901 2064 948 2123 li-
1002 2058 1115 2118 domui
1134 2058 1284 2118 eumdem
1305 2057 1469 2118 redditum
1491 2056 1747 2131 assignaverint,
1765 2057 1798 2116 et

155 2162 299 2225 centiam
329 2162 484 2238 largiaris
519 2162 593 2222 sine
629 2162 717 2239 jnris
755 2160 949 2237 praejudicio
1003 2155 1109 2216 eidem
1129 2154 1169 2215 de
1184 2154 1243 2214 illo
1259 2153 1322 2214 sibi
1335 2153 1502 2230 perpetuis
1519 2151 1721 2228 temporibus
1736 2168 1799 2228 pa-

155 2259 270 2321 alieni.
300 2260 419 2320 Datum
442 2259 617 2331 Laterani,
643 2261 674 2319 X
694 2259 764 2319 kal.
786 2258 949 2335 januarii,
1003 2251 1098 2313 ciflce
1131 2250 1325 2312 dimittendo
1360 2249 1565 2309 sufficienter
1595 2249 1796 2320 curaverint,

155 2356 444 2420 announdecimo.'
1003 2364 1063 2425 per
1086 2347 1218 2424 publica
1240 2347 1471 2416 instrumenta,
1497 2346 1530 2405 et
1555 2345 1641 2406 alias
1660 2345 1798 2410 idoneas

1004 2445 1186 2515 cautiones,
1217 2445 1307 2520 ipsos
1335 2459 1356 2502 a
1391 2441 1608 2503 'construendi
1634 2442 1799 2518 hospitale

481 2525 628 2612 xmss

209 2676 261 2736 Ad
274 2679 448 2749 episcopos
462 2660 643 2736 ¹astensem
662 2675 696 2736 et
708 2675 897 2735 Aliensem.

1005 2540 1198 2617 praedictum
1222 2554 1324 2600 onere
1347 2538 1538 2623 absolvatis,
1564 2539 1598 2599 et
1615 2538 1800 2614 injungatis

1005 2637 1192 2714 saepedictae
1213 2636 1330 2697 domus
1350 2637 1539 2706 conventui,
1556 2638 1592 2696 ut
1611 2650 1671 2712 pro
1691 2636 1799 2695 salute

1006 2735 1111 2810 ipsius
1124 2733 1338 2804 marchionis,
1355 2734 1387 2794 et
1404 2731 1638 2808 praedictorum
1653 2731 1798 2792 filiorum

329 2802 456 2876 [Absque
471 2810 537 2860 ⁰⁰¹³
552 2801 781 2878 ⁰h¹⁰¹¹⁰¹⁰gi⁰³·]
1007 2835 1090 2909 ejuS,
1106 2831 1264 2892 insistant
1276 2830 1402 2892 devotis
1417 2829 1570 2908 precibus
1584 2829 1670 2906 apud
1683 2831 1797 2889 Deum.

293 2924 463 2989 [lloriondus
475 2928 543 2976 bion.
556 2925 694 2989 Aquensis,
706 2926 738 2986 ll,
750 2925 818 2989 m]

157 3045 197 3102 Ut
223 3042 334 3114 possint
364 3049 542 3099 commutare
569 3043 766 3114 poenitentiam
797 3041 953 3113 injunctam

193 3131 346 3199 willelmo,
367 3130 526 3188 marchioni
540 3129 576 3187 de
595 3131 680 3200 Cava,
696 3131 726 3186 in
745 3144 872 3186 annuum
887 3127 951 3185 red·

193 3219 285 3277 ditum
299 3219 401 3291 viginti
419 3219 580 3276 modiorum
601 3217 737 3277 frumenti
754 3218 852 3285 domui
864 3219 952 3277 Caso·

195 3306 262 3365 tulis
273 3305 491 3379 assignandum.

1319 3117 1486 3206 Xssffl

1140 3270 1192 3329 Ad
1203 3270 1398 3344 episcopum
1412 3268 1663 3330 Florentinum.

198 3425 377 3495 Honorius
406 3424 483 3495 etc,
512 3422 761 3485 venerabilibus
794 3421 954 3483 iratribus

159 3522 293 3583 astensi
326 3522 360 3582 et
386 3520 523 3582 Albensi
550 3521 726 3597 episcopis,
755 3519 956 3581 salutemet

158 3617 383 3693 apostolicam
396 3617 673 3679 benedictionem.

198 3714 318 3776 Dilecti
328 3714 390 3775 illii
401 3715 532 3775 nobiles
542 3715 608 3776 viri
618 3715 820 3782 Willelmus,
837 3714 870 3775 et
882 3716 956 3775 Ma-

160 3811 250 3882 nuel,
273 3812 307 3873 et
329 3810 389 3871 alii
407 3812 469 3871 filii
484 3812 585 3873 clarae
607 3814 775 3873 memoriae
794 3811 955 3872 Willelmi

160 3907 365 3969 marchionis
381 3908 422 3968 de
436 3911 523 3970 Cava
538 3909 607 3969 suis
623 3909 720 3969 nobis
734 3909 856 3969 litteris
870 3909 955 3971 inti-

161 4004 306 4073 marunt,
333 4004 514 4078 quodcum
539 4005 634 4064 bonae
660 4007 830 4066 memoriae
856 4008 957 4066 Inno-

162 4098 291 4158 centius
302 4113 398 4172 papa,
411 4099 635 4174 praedecessor
644 4102 768 4171 noster,
785 4100 881 4161 bonae
891 4117 957 4161 me·

162 4193 278 4256 moriae
303 4195 540 4269 praedecessori
567 4194 721 4276 episcopo
745 4198 877 4257 Astensi
898 4214 957 4272 per

163 4306 241 4351 suas
267 4290 396 4353 litteras
420 4291 656 4362 mandavisset,
681 4292 717 4353 ut
749 4292 957 4354 consessione

162 4387 243 4448 dicti
256 4388 460 4449 marchionis
474 4388 653 4465 diligenter
666 4389 791 4458 audita,
807 4389 840 4449 ei
854 4390 958 4465 poeni·

161 4484 300 4547 tentiam
323 4486 513 4561 injungeret
534 4486 728 4558 salutarem,
749 4486 858 4547 dictus
879 4487 955 4563 epi·

1268 3398 1303 3453 23
1317 3395 1446 3453 decemb.
1461 3398 1540 3454 raab.

1201 3517 1403 3582 [agneramus
1415 3532 1494 3580 sacra,
1507 3520 1527 3576 1,
1539 3517 1606 3582 aaa]
1631 3486 1635 3499 '

1008 3634 1043 3692 Ei
1057 3632 1173 3691 mandat
1184 3641 1215 3690 ut
1229 3633 1360 3706 injungat
1372 3635 1514 3705 potestati,
1527 3634 1697 3691 consiliariis
1709 3639 1737 3690 et
1749 3648 1800 3706 po·

1043 3722 1110 3794 pulo
1123 3722 1291 3778 Florentium
1301 3723 1424 3779 civitatis
1440 3727 1470 3779 ut
1483 3722 1512 3778 in
1529 3720 1659 3779 kalendis
1670 3720 1803 3779 februarii

1044 3810 1191 3883 proximis,
1210 3824 1280 3881 quas
1295 3811 1337 3865 eis
1351 3810 1504 3867 terminum
1520 3810 1741 3882 peremptorium
1755 3824 1802 3867 as·

1044 3899 1150 3971 signat,
1163 3914 1212 3971 per
1223 3906 1421 3971 procuratores
1436 3898 1564 3965 idoneos,
1581 3900 1678 3955 Romae
1691 3913 1804 3971 compa·
1896 3922 1899 3927 ·

1045 3995 1125 4044 reant
1135 3995 1247 4059 propter
1257 3987 1436 4044 invasionem
1447 3988 1585 4060 episcopii
1596 3986 1801 4059 lldcprandini,

1044 4076 1171 4148 episcopi
1188 4076 1331 4132 Fesulani.

1049 4200 1216 4259 Honorius
1226 4200 1411 4275 episcopus,
1425 4213 1540 4260 servus
1549 4215 1721 4260 servorum
1731 4202 1801 4274 Dei,

1010 4295 1131 4356 dilecto
1144 4295 1179 4354 in
1190 4295 1320 4356 Christo
1333 4294 1429 4356 tratri
1440 4297 1553 4357 nostro
1564 4297 1720 4374 episcopo
1732 4298 1805 4358 Flo-

1010 4391 1153 4462 rentin0,
1168 4392 1230 4452 etc.

1052 4490 1160 4549 Grave
1177 4487 1274 4550 valde
1297 4490 1443 4565 gerimus
1461 4492 1494 4552 et
1512 4490 1696 4565 indignum,
1717 4490 1803 4565 quod

163 4596 282 4657 scopus
296 4580 403 4642 eidem
419 4582 613 4658 injunxerit,
629 4584 666 4645 ut
680 4583 844 4660 hospitale
859 4598 957 4643 cons-
1010 4582 1101 4645 cives
1119 4585 1303 4646 Florentini
1318 4585 1542 4647 venerabilem
1562 4585 1697 4648 tratrem
1720 4602 1803 4648 nos-

162 4678 291 4738 trueret
308 4692 383 4738 cnm
402 4679 542 4754 capella,
563 4679 620 4739 ubi
635 4696 722 4741 nnus
744 4680 901 4741 sacerdos
923 4682 958 4744 et
1009 4682 1097 4743 trum
1123 4682 1314 4759 episcopum
1329 4683 1529 4743 Fesulanum
1553 4683 1587 4743 in
1605 4683 1805 4758 episcopalis

164 4871 366 4932 sustentari:
381 4873 479 4948 quod,
491 4888 566 4933 cum
578 4873 667 4934 idem
682 4875 830 4935 marchio
846 4874 956 4935 iacere
1009 4876 1232 4951 contemptum
1243 4875 1382 4937 exulare
1397 4877 1609 4953 compellunt,
1624 4875 1720 4937 bonis
1733 4878 1807 4955 epi·
1827 4884 1831 4891 '

161 4967 365 5043 incoepisset,
376 4972 481 5030 morte
495 4974 695 5045 praeventus,
706 4988 788 5048 opus
801 4987 866 5031 non
881 4987 952 5047 per·
1010 4972 1116 5048 scopii
1131 4972 1183 5033 sui
1197 4974 1231 5035 et
1242 4973 1459 5034 ecclesiarum
1474 4973 1633 5049 ejusdem,
1651 4989 1807 5037 reveren·

163 5062 243 5124 fecit
255 5064 446 5140 incoeptum.
458 5068 659 5128 comantem
672 5068 954 5144 praelatinobiles,
1009 5068 1057 5129 tia
1072 5067 1197 5139 divina,
1218 5070 1252 5130 et
1272 5070 1387 5131 nostra
1406 5070 1601 5146 postposita,
1622 5073 1802 5149 occupatis.

164 5160 221 5236 qui
235 5160 346 5235 patris·
355 5164 480 5223 terram
497 5163 586 5223 inter
599 5180 636 5224 se
654 5164 853 5225 adinvicem
870 5165 957 5225 divi·
1010 5166 1050 5226 Et
1064 5164 1196 5240 quidem
1210 5165 1240 5225 si
1254 5180 1358 5237 amor,
1376 5182 1473 5244 quem
1488 5166 1529 5227 ad
1544 5168 1712 5229 civitatem
1728 5169 1807 5229 Flo·

164 5258 290 5327 serunt,
312 5257 353 5318 de
367 5274 467 5334 opere
484 5258 675 5335 anusmodi
697 5257 956 5322 consummando
1009 5262 1175 5322 rentinam
1205 5261 1376 5335 babemus,
1411 5265 1535 5324 motum
1569 5266 1675 5327 nostri
1700 5264 1805 5326 animi

164 5353 368 5414 concordare
404 5369 470 5414 non
510 5357 655 5432 possent,
690 5356 821 5417 demum
856 5358 957 5418 saluti
1010 5373 1078 5418 non
1104 5356 1284 5427 cohiberet,
1307 5362 1378 5435 jam
1402 5360 1596 5422 fecissemus
1627 5376 1683 5422 eos
1707 5377 1805 5437 poena

164 5448 284 5509 animae
301 5450 380 5511 dicti
398 5450 612 5523 marchionis,
634 5454 667 5514 et
684 5469 820 5512 suarum
836 5470 958 5517 consu·
1010 5454 1160 5525 docente,
1177 5470 1388 5529 cognoscere,
1406 5462 1565 5534 quantum
1580 5459 1750 5520 doleamus
1765 5458 1805 5520 de

163 5545 234 5607 lere
248 5548 447 5622 satagentes
464 5547 732 5612 deliberaverunt
742 5566 866 5611 annum
880 5551 958 5610 red·
1011 5550 1261 5624 gravaminibus
1274 5554 1306 5614 et
1320 5553 1454 5630 injuriis
1465 5555 1506 5617 ab
1522 5556 1646 5616 eisdem
1659 5555 1723 5629 ipsi
1739 5550 1805 5633 epi&

201 5724 204 5728 .
309 5690 422 5733 rinnon.
443 5694 517 5735 rous
536 5680 569 5738 V.
1594 5686 1611 5743 6
