<?xml version="1.0" encoding="UTF-8"?>
<!DOCTYPE html PUBLIC "-//W3C//DTD XHTML 1.0 Transitional//EN"
    "http://www.w3.org/TR/xhtml1/DTD/xhtml1-transitional.dtd">
<html xmlns="http://www.w3.org/1999/xhtml" xml:lang="en" lang="en">
 <head>
  <title>
</title>
<meta http-equiv="Content-Type" content="text/html;charset=utf-8" />
  <meta name='ocr-system' content='tesseract 3.04.00' />
  <meta name='ocr-capabilities' content='ocr_page ocr_carea ocr_par ocr_line ocrx_word'/>
</head>
<body>
  <div class='ocr_page' id='page_1' title='image "./mediiaevibiblio08bottgoog/mediiaevibiblio08bottgoog_0112.png"; bbox 0 0 4217 6400; ppageno 0'>
   <div class='ocr_carea' id='block_1_1' title="bbox 321 319 1347 386">
    <p class='ocr_par' dir='ltr' id='par_1_1' title="bbox 321 319 1347 386">
     <span class='ocr_line' id='line_1_1' title="bbox 321 319 1347 386; baseline -0.004 0"><span class='ocrx_word' id='word_1_1' title='bbox 321 325 381 386; x_wconf 84' lang='lat'>183</span> <span class='ocrx_word' id='word_1_2' title='bbox 869 319 873 324; x_wconf 73' lang='grc'><strong>’</strong></span> <span class='ocrx_word' id='word_1_3' title='bbox 933 324 1111 386; x_wconf 85' lang='lat' dir='ltr'>HONORII</span> <span class='ocrx_word' id='word_1_4' title='bbox 1133 325 1177 384; x_wconf 90' lang='lat'>111</span> <span class='ocrx_word' id='word_1_5' title='bbox 1198 323 1347 386; x_wconf 77' lang='lat' dir='ltr'><strong>OPERA.</strong></span> 
     </span>
    </p>
   </div>
   <div class='ocr_carea' id='block_1_2' title="bbox 1904 327 1967 388">
    <p class='ocr_par' dir='ltr' id='par_1_2' title="bbox 1904 327 1967 388">
     <span class='ocr_line' id='line_1_2' title="bbox 1904 327 1967 388; baseline -0.032 0"><span class='ocrx_word' id='word_1_6' title='bbox 1904 327 1967 388; x_wconf 79' lang='lat'>184</span> 
     </span>
    </p>
   </div>
   <div class='ocr_carea' id='block_1_3' title="bbox 319 479 1974 1720">
    <p class='ocr_par' dir='ltr' id='par_1_3' title="bbox 319 479 1974 1720">
     <span class='ocr_line' id='line_1_3' title="bbox 319 479 1966 561; baseline 0.001 -17"><span class='ocrx_word' id='word_1_7' title='bbox 319 483 403 544; x_wconf 92' lang='lat' dir='ltr'>nulli</span> <span class='ocrx_word' id='word_1_8' title='bbox 424 483 612 561; x_wconf 84' lang='lat' dir='ltr'>presbyteri</span> <span class='ocrx_word' id='word_1_9' title='bbox 632 485 666 546; x_wconf 93' lang='lat' dir='ltr'>et</span> <span class='ocrx_word' id='word_1_10' title='bbox 682 483 796 545; x_wconf 90' lang='lat' dir='ltr'>clerici</span> <span class='ocrx_word' id='word_1_11' title='bbox 816 481 883 544; x_wconf 91' lang='lat' dir='ltr'>tuae</span> <span class='ocrx_word' id='word_1_12' title='bbox 904 483 1059 544; x_wconf 87' lang='lat' dir='ltr'>dioecesis</span> <span class='ocrx_word' id='word_1_13' title='bbox 1080 482 1114 544; x_wconf 93' lang='lat' dir='ltr'>in</span> <span class='ocrx_word' id='word_1_14' title='bbox 1170 482 1258 544; x_wconf 85' lang='lat' dir='ltr'>Idem</span> <span class='ocrx_word' id='word_1_15' title='bbox 1276 497 1355 546; x_wconf 89' lang='lat' dir='ltr'>vero</span> <span class='ocrx_word' id='word_1_16' title='bbox 1374 483 1410 542; x_wconf 83' lang='grc' dir='ltr'>Τ.</span> <span class='ocrx_word' id='word_1_17' title='bbox 1434 479 1476 542; x_wconf 86' lang='lat' dir='ltr'>ad</span> <span class='ocrx_word' id='word_1_18' title='bbox 1495 479 1672 542; x_wconf 87' lang='lat' dir='ltr'>ecclesiam</span> <span class='ocrx_word' id='word_1_19' title='bbox 1692 480 1824 544; x_wconf 82' lang='lat' dir='ltr'>Sanctae</span> <span class='ocrx_word' id='word_1_20' title='bbox 1845 483 1966 545; x_wconf 80' lang='lat' dir='ltr'>mariae</span> 
     </span>
     <span class='ocr_line' id='line_1_4' title="bbox 320 578 1967 655; baseline 0 -14"><span class='ocrx_word' id='word_1_21' title='bbox 320 581 483 652; x_wconf 90' lang='lat' dir='ltr'>ecclesiis,</span> <span class='ocrx_word' id='word_1_22' title='bbox 514 583 546 642; x_wconf 92' lang='lat' dir='ltr'>et</span> <span class='ocrx_word' id='word_1_23' title='bbox 571 582 648 644; x_wconf 89' lang='lat' dir='ltr'>aliis</span> <span class='ocrx_word' id='word_1_24' title='bbox 676 578 912 642; x_wconf 90' lang='lat' dir='ltr'>ecclesiasticis</span> <span class='ocrx_word' id='word_1_25' title='bbox 943 579 1114 641; x_wconf 85' lang='lat' dir='ltr'>beneficiis</span> <span class='ocrx_word' id='word_1_26' title='bbox 1169 580 1375 655; x_wconf 78' lang='lat' dir='ltr'>magdalenae</span> <span class='ocrx_word' id='word_1_27' title='bbox 1392 579 1610 642; x_wconf 81' lang='lat' dir='ltr'>virdunensis</span> <span class='ocrx_word' id='word_1_28' title='bbox 1626 579 1780 651; x_wconf 85' lang='lat' dir='ltr'>accessit,</span> <span class='ocrx_word' id='word_1_29' title='bbox 1794 582 1827 641; x_wconf 90' lang='lat' dir='ltr'>et</span> <span class='ocrx_word' id='word_1_30' title='bbox 1841 580 1967 641; x_wconf 82' lang='lat' dir='ltr'>fluibus</span> 
     </span>
     <span class='ocr_line' id='line_1_5' title="bbox 320 676 1966 755; baseline 0 -18"><span class='ocrx_word' id='word_1_31' title='bbox 320 677 511 739; x_wconf 91' lang='lat' dir='ltr'>immediate</span> <span class='ocrx_word' id='word_1_32' title='bbox 524 678 673 755; x_wconf 89' lang='lat' dir='ltr'>patribus</span> <span class='ocrx_word' id='word_1_33' title='bbox 686 681 919 739; x_wconf 89' lang='lat' dir='ltr'>successerunt</span> <span class='ocrx_word' id='word_1_34' title='bbox 933 679 1048 738; x_wconf 88' lang='lat' dir='ltr'>contra</span> <span class='ocrx_word' id='word_1_35' title='bbox 1063 693 1116 738; x_wconf 90' lang='lat' dir='ltr'>ca·</span> <span class='ocrx_word' id='word_1_36' title='bbox 1169 677 1316 744; x_wconf 84' lang='lat' dir='ltr'>mandati</span> <span class='ocrx_word' id='word_1_37' title='bbox 1335 677 1524 752; x_wconf 72' lang='lat' dir='ltr'>praeteritis</span> <span class='ocrx_word' id='word_1_38' title='bbox 1545 676 1707 738; x_wconf 86' lang='lat' dir='ltr'>decanum</span> <span class='ocrx_word' id='word_1_39' title='bbox 1729 676 1763 737; x_wconf 91' lang='lat' dir='ltr'>et</span> <span class='ocrx_word' id='word_1_40' title='bbox 1781 677 1966 752; x_wconf 89' lang='lat' dir='ltr'>capitulum</span> 
     </span>
     <span class='ocr_line' id='line_1_6' title="bbox 321 773 1969 850; baseline -0.001 -16"><span class='ocrx_word' id='word_1_41' title='bbox 321 776 460 835; x_wconf 92' lang='lat' dir='ltr'>nonicas</span> <span class='ocrx_word' id='word_1_42' title='bbox 470 776 671 847; x_wconf 87' lang='lat' dir='ltr'>sanctiones,</span> <span class='ocrx_word' id='word_1_43' title='bbox 683 777 717 836; x_wconf 93' lang='lat' dir='ltr'>et</span> <span class='ocrx_word' id='word_1_44' title='bbox 727 775 839 850; x_wconf 92' lang='lat' dir='ltr'>plures</span> <span class='ocrx_word' id='word_1_45' title='bbox 851 775 910 835; x_wconf 86' lang='lat' dir='ltr'>alii</span> <span class='ocrx_word' id='word_1_46' title='bbox 923 775 1113 836; x_wconf 83' lang='lat' dir='ltr'>sacerdotes</span> <span class='ocrx_word' id='word_1_47' title='bbox 1169 774 1341 850; x_wconf 81' lang='lat' dir='ltr'>suspendit</span> <span class='ocrx_word' id='word_1_48' title='bbox 1360 773 1401 834; x_wconf 87' lang='lat' dir='ltr'>ab</span> <span class='ocrx_word' id='word_1_49' title='bbox 1422 773 1583 835; x_wconf 89' lang='lat' dir='ltr'>electione</span> <span class='ocrx_word' id='word_1_50' title='bbox 1606 773 1834 848; x_wconf 83' lang='lat' dir='ltr'>praepositurae</span> <span class='ocrx_word' id='word_1_51' title='bbox 1856 773 1969 850; x_wconf 86' lang='lat' dir='ltr'>ipsius</span> 
     </span>
     <span class='ocr_line' id='line_1_7' title="bbox 320 870 1967 946; baseline -0.001 -16"><span class='ocrx_word' id='word_1_52' title='bbox 320 872 354 931; x_wconf 92' lang='lat' dir='ltr'>et</span> <span class='ocrx_word' id='word_1_53' title='bbox 371 870 483 931; x_wconf 90' lang='lat' dir='ltr'>clerici</span> <span class='ocrx_word' id='word_1_54' title='bbox 499 873 646 946; x_wconf 76' lang='lat' dir='ltr'>eiusdem</span> <span class='ocrx_word' id='word_1_55' title='bbox 662 872 826 938; x_wconf 89' lang='lat' dir='ltr'>dioecesis,</span> <span class='ocrx_word' id='word_1_56' title='bbox 843 874 900 932; x_wconf 89' lang='lat' dir='ltr'>tua</span> <span class='ocrx_word' id='word_1_57' title='bbox 917 870 1114 932; x_wconf 83' lang='lat' dir='ltr'>inhibitione</span> <span class='ocrx_word' id='word_1_58' title='bbox 1169 871 1319 932; x_wconf 79' lang='lat' dir='ltr'>ecclesIae</span> <span class='ocrx_word' id='word_1_59' title='bbox 1344 870 1403 930; x_wconf 93' lang='lat' dir='ltr'>illo</span> <span class='ocrx_word' id='word_1_60' title='bbox 1426 873 1574 946; x_wconf 91' lang='lat' dir='ltr'>tempore</span> <span class='ocrx_word' id='word_1_61' title='bbox 1597 882 1664 930; x_wconf 92' lang='lat' dir='ltr'>non</span> <span class='ocrx_word' id='word_1_62' title='bbox 1688 871 1851 931; x_wconf 82' lang='lat' dir='ltr'>vacantis.</span> <span class='ocrx_word' id='word_1_63' title='bbox 1877 871 1967 931; x_wconf 88' lang='lat' dir='ltr'>Dicti</span> 
     </span>
     <span class='ocr_line' id='line_1_8' title="bbox 323 966 1963 1044; baseline 0.001 -19"><span class='ocrx_word' id='word_1_64' title='bbox 323 967 521 1042; x_wconf 88' lang='lat' dir='ltr'>contempta,</span> <span class='ocrx_word' id='word_1_65' title='bbox 534 967 665 1043; x_wconf 89' lang='lat' dir='ltr'>publice</span> <span class='ocrx_word' id='word_1_66' title='bbox 679 969 837 1029; x_wconf 87' lang='lat' dir='ltr'>tenentin</span> <span class='ocrx_word' id='word_1_67' title='bbox 848 968 992 1044; x_wconf 91' lang='lat' dir='ltr'>propriis</span> <span class='ocrx_word' id='word_1_68' title='bbox 1007 966 1115 1026; x_wconf 91' lang='lat' dir='ltr'>domi·</span> <span class='ocrx_word' id='word_1_69' title='bbox 1170 971 1279 1036; x_wconf 88' lang='lat' dir='ltr'>autem</span> <span class='ocrx_word' id='word_1_70' title='bbox 1299 967 1444 1028; x_wconf 84' lang='lat' dir='ltr'>decanus</span> <span class='ocrx_word' id='word_1_71' title='bbox 1465 969 1498 1030; x_wconf 85' lang='lat' dir='ltr'>et</span> <span class='ocrx_word' id='word_1_72' title='bbox 1517 966 1708 1042; x_wconf 91' lang='lat' dir='ltr'>capitulum,</span> <span class='ocrx_word' id='word_1_73' title='bbox 1725 981 1785 1042; x_wconf 94' lang='lat' dir='ltr'>pro</span> <span class='ocrx_word' id='word_1_74' title='bbox 1807 981 1846 1026; x_wconf 91' lang='lat' dir='ltr'>eo</span> <span class='ocrx_word' id='word_1_75' title='bbox 1861 967 1963 1042; x_wconf 89' lang='lat' dir='ltr'>quod,</span> 
     </span>
     <span class='ocr_line' id='line_1_9' title="bbox 320 1062 1962 1140; baseline 0.001 -18"><span class='ocrx_word' id='word_1_76' title='bbox 320 1062 381 1122; x_wconf 91' lang='lat' dir='ltr'>bus</span> <span class='ocrx_word' id='word_1_77' title='bbox 397 1063 609 1125; x_wconf 88' lang='lat' dir='ltr'>concubinas.</span> <span class='ocrx_word' id='word_1_78' title='bbox 628 1064 721 1126; x_wconf 85' lang='lat' dir='ltr'>Unde</span> <span class='ocrx_word' id='word_1_79' title='bbox 735 1064 831 1125; x_wconf 90' lang='lat' dir='ltr'>nobis</span> <span class='ocrx_word' id='word_1_80' title='bbox 848 1064 1019 1124; x_wconf 92' lang='lat' dir='ltr'>humiliter</span> <span class='ocrx_word' id='word_1_81' title='bbox 1033 1080 1114 1140; x_wconf 91' lang='lat' dir='ltr'>sup-</span> <span class='ocrx_word' id='word_1_82' title='bbox 1170 1065 1255 1126; x_wconf 88' lang='lat' dir='ltr'>sicut</span> <span class='ocrx_word' id='word_1_83' title='bbox 1272 1065 1471 1133; x_wconf 87' lang='lat' dir='ltr'>dictumest,</span> <span class='ocrx_word' id='word_1_84' title='bbox 1489 1063 1636 1124; x_wconf 86' lang='lat' dir='ltr'>mandati</span> <span class='ocrx_word' id='word_1_85' title='bbox 1656 1063 1739 1122; x_wconf 84' lang='lat' dir='ltr'>dues</span> <span class='ocrx_word' id='word_1_86' title='bbox 1758 1068 1962 1134; x_wconf 81' lang='lat' dir='ltr'>excesserat,</span> 
     </span>
     <span class='ocr_line' id='line_1_10' title="bbox 322 1159 1967 1237; baseline 0.001 -19"><span class='ocrx_word' id='word_1_87' title='bbox 322 1159 466 1234; x_wconf 90' lang='lat' dir='ltr'>plicasti,</span> <span class='ocrx_word' id='word_1_88' title='bbox 480 1161 516 1220; x_wconf 93' lang='lat' dir='ltr'>ut</span> <span class='ocrx_word' id='word_1_89' title='bbox 529 1160 608 1221; x_wconf 89' lang='lat' dir='ltr'>licet</span> <span class='ocrx_word' id='word_1_90' title='bbox 620 1162 800 1237; x_wconf 91' lang='lat' dir='ltr'>procedere</span> <span class='ocrx_word' id='word_1_91' title='bbox 810 1163 927 1222; x_wconf 89' lang='lat' dir='ltr'>contra</span> <span class='ocrx_word' id='word_1_92' title='bbox 939 1159 1115 1236; x_wconf 89' lang='lat' dir='ltr'>praedictos</span> <span class='ocrx_word' id='word_1_93' title='bbox 1170 1177 1232 1222; x_wconf 90' lang='lat' dir='ltr'>nec</span> <span class='ocrx_word' id='word_1_94' title='bbox 1242 1160 1515 1223; x_wconf 82' lang='lat' dir='ltr'>revocarevoluit</span> <span class='ocrx_word' id='word_1_95' title='bbox 1525 1160 1722 1222; x_wconf 86' lang='lat' dir='ltr'>sententiam</span> <span class='ocrx_word' id='word_1_96' title='bbox 1734 1161 1967 1236; x_wconf 86' lang='lat' dir='ltr'>suspensionis</span> 
     </span>
     <span class='ocr_line' id='line_1_11' title="bbox 322 1255 1967 1334; baseline 0.001 -19"><span class='ocrx_word' id='word_1_97' title='bbox 322 1271 365 1315; x_wconf 83' lang='lat' dir='ltr'>ex</span> <span class='ocrx_word' id='word_1_98' title='bbox 386 1256 496 1316; x_wconf 78' lang='lat' dir='ltr'>officio</span> <span class='ocrx_word' id='word_1_99' title='bbox 518 1257 574 1317; x_wconf 92' lang='lat' dir='ltr'>tuo</span> <span class='ocrx_word' id='word_1_100' title='bbox 598 1258 723 1333; x_wconf 80' lang='lat' dir='ltr'>possis,</span> <span class='ocrx_word' id='word_1_101' title='bbox 744 1259 823 1334; x_wconf 90' lang='lat' dir='ltr'>quia</span> <span class='ocrx_word' id='word_1_102' title='bbox 841 1258 953 1318; x_wconf 89' lang='lat' dir='ltr'>tamen</span> <span class='ocrx_word' id='word_1_103' title='bbox 972 1257 1046 1332; x_wconf 92' lang='lat' dir='ltr'>plus</span> <span class='ocrx_word' id='word_1_104' title='bbox 1069 1255 1115 1316; x_wconf 88' lang='lat' dir='ltr'>ti·</span> <span class='ocrx_word' id='word_1_105' title='bbox 1171 1259 1219 1320; x_wconf 89' lang='lat' dir='ltr'>sic</span> <span class='ocrx_word' id='word_1_106' title='bbox 1240 1257 1439 1318; x_wconf 85' lang='lat' dir='ltr'>inordinatae</span> <span class='ocrx_word' id='word_1_107' title='bbox 1459 1257 1633 1332; x_wconf 87' lang='lat' dir='ltr'>prolatam,</span> <span class='ocrx_word' id='word_1_108' title='bbox 1654 1258 1801 1318; x_wconf 88' lang='lat' dir='ltr'>nostram</span> <span class='ocrx_word' id='word_1_109' title='bbox 1821 1257 1967 1318; x_wconf 88' lang='lat' dir='ltr'>audieu-</span> 
     </span>
     <span class='ocr_line' id='line_1_12' title="bbox 322 1351 1972 1441; baseline 0.001 -29"><span class='ocrx_word' id='word_1_110' title='bbox 322 1352 407 1441; x_wconf 87' lang='lat' dir='ltr'>meri</span> <span class='ocrx_word' id='word_1_111' title='bbox 442 1351 537 1423; x_wconf 92' lang='lat' dir='ltr'>solet,</span> <span class='ocrx_word' id='word_1_112' title='bbox 572 1353 657 1430; x_wconf 89' lang='lat' dir='ltr'>quod</span> <span class='ocrx_word' id='word_1_113' title='bbox 693 1354 884 1429; x_wconf 80' lang='lat' dir='ltr'>specialiter</span> <span class='ocrx_word' id='word_1_114' title='bbox 909 1351 1113 1428; x_wconf 83' lang='lat' dir='ltr'>indulgetur,</span> <span class='ocrx_word' id='word_1_115' title='bbox 1170 1356 1250 1416; x_wconf 88' lang='lat' dir='ltr'>tiam</span> <span class='ocrx_word' id='word_1_116' title='bbox 1262 1353 1483 1431; x_wconf 88' lang='lat' dir='ltr'>appellarunt.</span> <span class='ocrx_word' id='word_1_117' title='bbox 1493 1354 1704 1416; x_wconf 89' lang='lat' dir='ltr'>Postmodum</span> <span class='ocrx_word' id='word_1_118' title='bbox 1714 1369 1794 1414; x_wconf 84' lang='lat' dir='ltr'>vero</span> <span class='ocrx_word' id='word_1_119' title='bbox 1805 1354 1972 1430; x_wconf 85' lang='lat' dir='ltr'>praeposi-</span> 
     </span>
     <span class='ocr_line' id='line_1_13' title="bbox 322 1447 1973 1528; baseline 0.001 -18"><span class='ocrx_word' id='word_1_120' title='bbox 322 1464 421 1523; x_wconf 85' lang='lat' dir='ltr'>quam</span> <span class='ocrx_word' id='word_1_121' title='bbox 434 1449 520 1524; x_wconf 90' lang='lat' dir='ltr'>quod</span> <span class='ocrx_word' id='word_1_122' title='bbox 538 1450 645 1510; x_wconf 89' lang='lat' dir='ltr'>edicto</span> <span class='ocrx_word' id='word_1_123' title='bbox 661 1449 869 1512; x_wconf 91' lang='lat' dir='ltr'>concluditur</span> <span class='ocrx_word' id='word_1_124' title='bbox 887 1448 1049 1524; x_wconf 82' lang='lat' dir='ltr'>generali,</span> <span class='ocrx_word' id='word_1_125' title='bbox 1062 1447 1116 1508; x_wconf 86' lang='lat' dir='ltr'>la·</span> <span class='ocrx_word' id='word_1_126' title='bbox 1170 1453 1247 1512; x_wconf 86' lang='lat' dir='ltr'>tura</span> <span class='ocrx_word' id='word_1_127' title='bbox 1260 1451 1453 1528; x_wconf 88' lang='lat' dir='ltr'>supradicta</span> <span class='ocrx_word' id='word_1_128' title='bbox 1468 1453 1618 1522; x_wconf 79' lang='lat' dir='ltr'>vacante,</span> <span class='ocrx_word' id='word_1_129' title='bbox 1631 1450 1760 1527; x_wconf 87' lang='lat' dir='ltr'>praelati</span> <span class='ocrx_word' id='word_1_130' title='bbox 1775 1450 1921 1512; x_wconf 89' lang='lat' dir='ltr'>decanus</span> <span class='ocrx_word' id='word_1_131' title='bbox 1937 1452 1973 1512; x_wconf 88' lang='lat' dir='ltr'>et</span> 
     </span>
     <span class='ocr_line' id='line_1_14' title="bbox 321 1544 1974 1624; baseline 0.002 -20"><span class='ocrx_word' id='word_1_132' title='bbox 321 1559 436 1604; x_wconf 81' lang='lat' dir='ltr'>vorem</span> <span class='ocrx_word' id='word_1_133' title='bbox 451 1545 513 1605; x_wconf 91' lang='lat' dir='ltr'>tibi</span> <span class='ocrx_word' id='word_1_134' title='bbox 532 1548 647 1607; x_wconf 85' lang='lat' dir='ltr'>contra</span> <span class='ocrx_word' id='word_1_135' title='bbox 669 1563 727 1607; x_wconf 91' lang='lat' dir='ltr'>eos</span> <span class='ocrx_word' id='word_1_136' title='bbox 746 1547 960 1622; x_wconf 83' lang='lat' dir='ltr'>dignaremur</span> <span class='ocrx_word' id='word_1_137' title='bbox 973 1544 1116 1621; x_wconf 83' lang='lat' dir='ltr'>Aposto-</span> <span class='ocrx_word' id='word_1_138' title='bbox 1172 1549 1353 1624; x_wconf 90' lang='lat' dir='ltr'>capitulum</span> <span class='ocrx_word' id='word_1_139' title='bbox 1388 1547 1594 1610; x_wconf 86' lang='lat' dir='ltr'>attendentes</span> <span class='ocrx_word' id='word_1_140' title='bbox 1625 1547 1876 1623; x_wconf 85' lang='lat' dir='ltr'>suspensionem</span> <span class='ocrx_word' id='word_1_141' title='bbox 1904 1547 1974 1608; x_wconf 93' lang='lat' dir='ltr'>hu-</span> 
     </span>
     <span class='ocr_line' id='line_1_15' title="bbox 322 1639 1969 1720; baseline 0.001 -21"><span class='ocrx_word' id='word_1_142' title='bbox 322 1639 424 1700; x_wconf 91' lang='lat' dir='ltr'>licum</span> <span class='ocrx_word' id='word_1_143' title='bbox 439 1641 614 1716; x_wconf 90' lang='lat' dir='ltr'>impertiri.</span> <span class='ocrx_word' id='word_1_144' title='bbox 631 1644 701 1702; x_wconf 92' lang='lat' dir='ltr'>Nos</span> <span class='ocrx_word' id='word_1_145' title='bbox 717 1658 795 1718; x_wconf 83' lang='lat' dir='ltr'>ergo</span> <span class='ocrx_word' id='word_1_146' title='bbox 810 1642 876 1703; x_wconf 90' lang='lat' dir='ltr'>tuis</span> <span class='ocrx_word' id='word_1_147' title='bbox 892 1640 1046 1717; x_wconf 90' lang='lat' dir='ltr'>precibus</span> <span class='ocrx_word' id='word_1_148' title='bbox 1062 1640 1117 1699; x_wconf 93' lang='lat' dir='ltr'>in·</span> <span class='ocrx_word' id='word_1_149' title='bbox 1167 1645 1313 1720; x_wconf 82' lang='lat' dir='ltr'>jusmodi</span> <span class='ocrx_word' id='word_1_150' title='bbox 1345 1659 1418 1706; x_wconf 83' lang='lat' dir='ltr'>esse</span> <span class='ocrx_word' id='word_1_151' title='bbox 1449 1645 1584 1706; x_wconf 89' lang='lat' dir='ltr'>omnino</span> <span class='ocrx_word' id='word_1_152' title='bbox 1618 1644 1815 1715; x_wconf 83' lang='lat' dir='ltr'>invalidam,</span> <span class='ocrx_word' id='word_1_153' title='bbox 1852 1645 1969 1719; x_wconf 90' lang='lat' dir='ltr'>utpote</span> 
     </span>
    </p>
   </div>
   <div class='ocr_carea' id='block_1_4' title="bbox 323 1737 1126 2476">
    <p class='ocr_par' dir='ltr' id='par_1_4' title="bbox 323 1737 1126 2476">
     <span class='ocr_line' id='line_1_16' title="bbox 323 1737 1116 1813; baseline -0.001 -16"><span class='ocrx_word' id='word_1_154' title='bbox 323 1737 451 1809; x_wconf 82' lang='lat' dir='ltr'>climati,</span> <span class='ocrx_word' id='word_1_155' title='bbox 468 1739 680 1813; x_wconf 89' lang='lat' dir='ltr'>praesentium</span> <span class='ocrx_word' id='word_1_156' title='bbox 695 1740 756 1800; x_wconf 89' lang='lat' dir='ltr'>tibi</span> <span class='ocrx_word' id='word_1_157' title='bbox 775 1739 972 1800; x_wconf 90' lang='lat' dir='ltr'>auctoritate</span> <span class='ocrx_word' id='word_1_158' title='bbox 992 1753 1116 1797; x_wconf 90' lang='lat' dir='ltr'>couce-</span> 
     </span>
     <span class='ocr_line' id='line_1_17' title="bbox 324 1833 1117 1912; baseline -0.003 -19"><span class='ocrx_word' id='word_1_159' title='bbox 324 1833 444 1904; x_wconf 82' lang='lat' dir='ltr'>dimus,</span> <span class='ocrx_word' id='word_1_160' title='bbox 460 1835 495 1895; x_wconf 91' lang='lat' dir='ltr'>ut</span> <span class='ocrx_word' id='word_1_161' title='bbox 507 1837 697 1896; x_wconf 90' lang='lat' dir='ltr'>memoratis</span> <span class='ocrx_word' id='word_1_162' title='bbox 711 1835 924 1912; x_wconf 78' lang='lat' dir='ltr'>presbyteris,</span> <span class='ocrx_word' id='word_1_163' title='bbox 939 1836 972 1896; x_wconf 89' lang='lat' dir='ltr'>et</span> <span class='ocrx_word' id='word_1_164' title='bbox 986 1833 1117 1894; x_wconf 87' lang='lat' dir='ltr'>clericis</span> 
     </span>
     <span class='ocr_line' id='line_1_18' title="bbox 324 1929 1117 2011; baseline 0.001 -22"><span class='ocrx_word' id='word_1_165' title='bbox 324 1929 542 2003; x_wconf 88' lang='lat' dir='ltr'>abeueficiis,</span> <span class='ocrx_word' id='word_1_166' title='bbox 562 1934 599 1992; x_wconf 91' lang='lat' dir='ltr'>iu</span> <span class='ocrx_word' id='word_1_167' title='bbox 622 1933 740 2011; x_wconf 86' lang='lat' dir='ltr'>quibus</span> <span class='ocrx_word' id='word_1_168' title='bbox 761 1932 910 2008; x_wconf 91' lang='lat' dir='ltr'>patribus</span> <span class='ocrx_word' id='word_1_169' title='bbox 928 1930 1117 1992; x_wconf 87' lang='lat' dir='ltr'>immediate</span> 
     </span>
     <span class='ocr_line' id='line_1_19' title="bbox 323 2029 1120 2102; baseline 0.003 -16"><span class='ocrx_word' id='word_1_170' title='bbox 323 2029 556 2089; x_wconf 87' lang='lat' dir='ltr'>successerunt</span> <span class='ocrx_word' id='word_1_171' title='bbox 571 2031 702 2101; x_wconf 86' lang='lat' dir='ltr'>amotis,</span> <span class='ocrx_word' id='word_1_172' title='bbox 718 2032 752 2091; x_wconf 92' lang='lat' dir='ltr'>et</span> <span class='ocrx_word' id='word_1_173' title='bbox 769 2029 1036 2098; x_wconf 87' lang='lat' dir='ltr'>concubinarios,</span> <span class='ocrx_word' id='word_1_174' title='bbox 1059 2043 1120 2102; x_wconf 88' lang='lat' dir='ltr'>ap-</span> 
     </span>
     <span class='ocr_line' id='line_1_20' title="bbox 323 2123 1119 2199; baseline -0.003 -15"><span class='ocrx_word' id='word_1_175' title='bbox 323 2123 501 2199; x_wconf 91' lang='lat' dir='ltr'>pellatione</span> <span class='ocrx_word' id='word_1_176' title='bbox 520 2129 659 2198; x_wconf 91' lang='lat' dir='ltr'>remota,</span> <span class='ocrx_word' id='word_1_177' title='bbox 686 2126 790 2188; x_wconf 89' lang='lat' dir='ltr'>libere</span> <span class='ocrx_word' id='word_1_178' title='bbox 813 2125 928 2186; x_wconf 81' lang='lat' dir='ltr'>valeas</span> <span class='ocrx_word' id='word_1_179' title='bbox 948 2125 1051 2186; x_wconf 83' lang='lat' dir='ltr'>otficii</span> <span class='ocrx_word' id='word_1_180' title='bbox 1071 2123 1119 2184; x_wconf 87' lang='lat' dir='ltr'>tui</span> 
     </span>
     <span class='ocr_line' id='line_1_21' title="bbox 324 2220 1126 2294; baseline 0 -15"><span class='ocrx_word' id='word_1_181' title='bbox 324 2220 469 2282; x_wconf 89' lang='lat' dir='ltr'>debitum</span> <span class='ocrx_word' id='word_1_182' title='bbox 486 2237 653 2294; x_wconf 81' lang='lat' dir='ltr'>exercere,</span> <span class='ocrx_word' id='word_1_183' title='bbox 670 2224 943 2293; x_wconf 88' lang='lat' dir='ltr'>contradictores,</span> <span class='ocrx_word' id='word_1_184' title='bbox 966 2224 1028 2282; x_wconf 89' lang='lat' dir='ltr'>etc.</span> <span class='ocrx_word' id='word_1_185' title='bbox 1048 2223 1126 2280; x_wconf 50' lang='lat' dir='ltr'>Da*</span> 
     </span>
     <span class='ocr_line' id='line_1_22' title="bbox 324 2317 1119 2390; baseline -0.001 -13"><span class='ocrx_word' id='word_1_186' title='bbox 324 2317 395 2377; x_wconf 86' lang='lat' dir='ltr'>tum</span> <span class='ocrx_word' id='word_1_187' title='bbox 419 2319 586 2390; x_wconf 87' lang='lat' dir='ltr'>Laterani,</span> <span class='ocrx_word' id='word_1_188' title='bbox 613 2322 673 2380; x_wconf 87' lang='lat' dir='ltr'>XV</span> <span class='ocrx_word' id='word_1_189' title='bbox 695 2319 857 2380; x_wconf 85' lang='lat' dir='ltr'>kalendas</span> <span class='ocrx_word' id='word_1_190' title='bbox 881 2318 1005 2389; x_wconf 88' lang='lat' dir='ltr'>martii,</span> <span class='ocrx_word' id='word_1_191' title='bbox 1030 2331 1119 2377; x_wconf 92' lang='lat' dir='ltr'>anuo</span> 
     </span>
     <span class='ocr_line' id='line_1_23' title="bbox 327 2414 514 2476; baseline 0 -2"><span class='ocrx_word' id='word_1_192' title='bbox 327 2414 514 2476; x_wconf 90' lang='lat' dir='ltr'>undecimo.</span> 
     </span>
    </p>
   </div>
   <div class='ocr_carea' id='block_1_5' title="bbox 677 2617 770 2704">
    <p class='ocr_par' dir='ltr' id='par_1_5' title="bbox 677 2617 770 2704">
     <span class='ocr_line' id='line_1_24' title="bbox 677 2617 770 2704; baseline 0.022 -2"><span class='ocrx_word' id='word_1_193' title='bbox 677 2617 770 2704; x_wconf 91' lang='lat' dir='ltr'>LIII</span> 
     </span>
    </p>
   </div>
   <div class='ocr_carea' id='block_1_6' title="bbox 328 2763 1121 3034">
    <p class='ocr_par' dir='ltr' id='par_1_6' title="bbox 328 2763 1121 3034">
     <span class='ocr_line' id='line_1_25' title="bbox 328 2763 1121 2833; baseline -0.006 -6"><span class='ocrx_word' id='word_1_194' title='bbox 328 2769 380 2827; x_wconf 83' lang='lat' dir='ltr'>Ad</span> <span class='ocrx_word' id='word_1_195' title='bbox 400 2768 637 2828; x_wconf 73' lang='lat' dir='ltr'>scholasticam</span> <span class='ocrx_word' id='word_1_196' title='bbox 660 2772 694 2829; x_wconf 82' lang='lat' dir='ltr'>S.</span> <span class='ocrx_word' id='word_1_197' title='bbox 716 2770 819 2828; x_wconf 78' lang='lat' dir='ltr'>Parcet</span> <span class='ocrx_word' id='word_1_198' title='bbox 838 2767 1070 2833; x_wconf 81' lang='lat' dir='ltr'>Treocrensis,</span> <span class='ocrx_word' id='word_1_199' title='bbox 1088 2763 1121 2822; x_wconf 83' lang='lat' dir='ltr'>ct</span> 
     </span>
     <span class='ocr_line' id='line_1_26' title="bbox 367 2861 1121 2940; baseline -0.005 -16"><span class='ocrx_word' id='word_1_200' title='bbox 367 2867 549 2939; x_wconf 67' lang='lat' dir='ltr'>Hannonem</span> <span class='ocrx_word' id='word_1_201' title='bbox 576 2868 817 2940; x_wconf 68' lang='lat' dir='ltr'>Burptenscm</span> <span class='ocrx_word' id='word_1_202' title='bbox 848 2863 882 2924; x_wconf 86' lang='lat' dir='ltr'>ct</span> <span class='ocrx_word' id='word_1_203' title='bbox 912 2861 1121 2937; x_wconf 59' lang='lat' dir='ltr'>mainerum</span> 
     </span>
     <span class='ocr_line' id='line_1_27' title="bbox 366 2963 924 3034; baseline -0.005 -14"><span class='ocrx_word' id='word_1_204' title='bbox 366 2965 475 3034; x_wconf 71' lang='lat' dir='ltr'>decre,</span> <span class='ocrx_word' id='word_1_205' title='bbox 491 2965 694 3022; x_wconf 79' lang='lat' dir='ltr'>canonicum</span> <span class='ocrx_word' id='word_1_206' title='bbox 709 2963 924 3021; x_wconf 80' lang='lat' dir='ltr'>Remenscm.</span> 
     </span>
    </p>
   </div>
   <div class='ocr_carea' id='block_1_7' title="bbox 360 3098 1089 3297">
    <p class='ocr_par' dir='ltr' id='par_1_7' title="bbox 360 3098 1089 3297">
     <span class='ocr_line' id='line_1_28' title="bbox 599 3098 864 3187; baseline -0.011 -29"><span class='ocrx_word' id='word_1_207' title='bbox 599 3099 634 3157; x_wconf 76' lang='lat'>26</span> <span class='ocrx_word' id='word_1_208' title='bbox 645 3099 770 3173; x_wconf 82' lang='lat' dir='ltr'>januarii</span> <span class='ocrx_word' id='word_1_209' title='bbox 783 3098 864 3187; x_wconf 65' lang='lat' dir='ltr'>llil.</span> 
     </span>
     <span class='ocr_line' id='line_1_29' title="bbox 360 3210 1089 3297; baseline -0.011 -15"><span class='ocrx_word' id='word_1_210' title='bbox 360 3233 481 3297; x_wconf 61' lang='lat' dir='ltr'>thegan,</span> <span class='ocrx_word' id='word_1_211' title='bbox 490 3233 526 3282; x_wconf 91' lang='lat' dir='ltr'>lib</span> <span class='ocrx_word' id='word_1_212' title='bbox 535 3234 581 3293; x_wconf 81' lang='lat' dir='ltr'>xl,</span> <span class='ocrx_word' id='word_1_213' title='bbox 592 3210 667 3296; x_wconf 76' lang='lat' dir='ltr'>epist,</span> <span class='ocrx_word' id='word_1_214' title='bbox 678 3232 733 3282; x_wconf 78' lang='lat' dir='ltr'>tto.</span> <span class='ocrx_word' id='word_1_215' title='bbox 745 3234 803 3282; x_wconf 76' lang='lat' dir='ltr'>llas.</span> <span class='ocrx_word' id='word_1_216' title='bbox 814 3232 852 3281; x_wconf 87' lang='lat' dir='ltr'>La</span> <span class='ocrx_word' id='word_1_217' title='bbox 863 3232 939 3281; x_wconf 82' lang='lat' dir='ltr'>Porto</span> <span class='ocrx_word' id='word_1_218' title='bbox 947 3228 983 3280; x_wconf 89' lang='lat' dir='ltr'>du</span> <span class='ocrx_word' id='word_1_219' title='bbox 995 3226 1089 3291; x_wconf 75' lang='lat' dir='ltr'>rhen]</span> 
     </span>
    </p>
   </div>
   <div class='ocr_carea' id='block_1_8' title="bbox 327 3358 1122 3524">
    <p class='ocr_par' dir='ltr' id='par_1_8' title="bbox 327 3358 1122 3524">
     <span class='ocr_line' id='line_1_30' title="bbox 327 3358 1122 3437; baseline -0.009 -15"><span class='ocrx_word' id='word_1_220' title='bbox 327 3366 449 3424; x_wconf 83' lang='lat' dir='ltr'>Causam</span> <span class='ocrx_word' id='word_1_221' title='bbox 472 3364 507 3421; x_wconf 90' lang='lat' dir='ltr'>de</span> <span class='ocrx_word' id='word_1_222' title='bbox 532 3364 717 3437; x_wconf 73' lang='lat' dir='ltr'>praepositura</span> <span class='ocrx_word' id='word_1_223' title='bbox 741 3363 870 3420; x_wconf 79' lang='lat' dir='ltr'>ecclesie</span> <span class='ocrx_word' id='word_1_224' title='bbox 893 3363 1004 3419; x_wconf 77' lang='lat' dir='ltr'>Sanctae</span> <span class='ocrx_word' id='word_1_225' title='bbox 1025 3358 1122 3417; x_wconf 82' lang='lat' dir='ltr'>Mariae</span> 
     </span>
     <span class='ocr_line' id='line_1_31' title="bbox 500 3451 943 3524; baseline -0.007 -14"><span class='ocrx_word' id='word_1_226' title='bbox 500 3452 687 3512; x_wconf 85' lang='lat' dir='ltr'>virdunensis</span> <span class='ocrx_word' id='word_1_227' title='bbox 699 3452 769 3524; x_wconf 86' lang='lat' dir='ltr'>ipsis</span> <span class='ocrx_word' id='word_1_228' title='bbox 784 3451 943 3507; x_wconf 88' lang='lat' dir='ltr'>committit.</span> 
     </span>
    </p>
   </div>
   <div class='ocr_carea' id='block_1_9' title="bbox 327 3584 1165 5309">
    <p class='ocr_par' dir='ltr' id='par_1_9' title="bbox 328 3584 1125 3949">
     <span class='ocr_line' id='line_1_32' title="bbox 366 3584 1122 3661; baseline -0.005 -12"><span class='ocrx_word' id='word_1_229' title='bbox 366 3589 544 3661; x_wconf 81' lang='lat' dir='ltr'>HonorIus,</span> <span class='ocrx_word' id='word_1_230' title='bbox 558 3590 633 3655; x_wconf 74' lang='lat' dir='ltr'>etc„</span> <span class='ocrx_word' id='word_1_231' title='bbox 649 3588 780 3656; x_wconf 88' lang='lat' dir='ltr'>dilectis</span> <span class='ocrx_word' id='word_1_232' title='bbox 794 3586 909 3647; x_wconf 84' lang='lat' dir='ltr'>filiis...</span> <span class='ocrx_word' id='word_1_233' title='bbox 922 3584 1122 3646; x_wconf 90' lang='lat' dir='ltr'>scholastico</span> 
     </span>
     <span class='ocr_line' id='line_1_33' title="bbox 329 3680 1123 3759; baseline -0.009 -12"><span class='ocrx_word' id='word_1_234' title='bbox 329 3688 362 3747; x_wconf 89' lang='lat' dir='ltr'>S.</span> <span class='ocrx_word' id='word_1_235' title='bbox 386 3684 481 3746; x_wconf 89' lang='lat' dir='ltr'>Pauli</span> <span class='ocrx_word' id='word_1_236' title='bbox 497 3684 725 3756; x_wconf 86' lang='lat' dir='ltr'>Treverensis,</span> <span class='ocrx_word' id='word_1_237' title='bbox 742 3685 775 3745; x_wconf 89' lang='lat' dir='ltr'>et</span> <span class='ocrx_word' id='word_1_238' title='bbox 794 3682 926 3759; x_wconf 80' lang='lat' dir='ltr'>Hugoni</span> <span class='ocrx_word' id='word_1_239' title='bbox 947 3680 1123 3757; x_wconf 79' lang='lat' dir='ltr'>Burgiensi</span> 
     </span>
     <span class='ocr_line' id='line_1_34' title="bbox 329 3778 1125 3858; baseline -0.008 -15"><span class='ocrx_word' id='word_1_240' title='bbox 329 3784 364 3843; x_wconf 92' lang='lat' dir='ltr'>et</span> <span class='ocrx_word' id='word_1_241' title='bbox 377 3782 536 3858; x_wconf 83' lang='lat' dir='ltr'>magistro</span> <span class='ocrx_word' id='word_1_242' title='bbox 551 3784 589 3843; x_wconf 78' lang='lat' dir='ltr'>G.</span> <span class='ocrx_word' id='word_1_243' title='bbox 605 3784 698 3858; x_wconf 82' lang='lat' dir='ltr'>Goyu</span> <span class='ocrx_word' id='word_1_244' title='bbox 712 3781 873 3843; x_wconf 91' lang='lat' dir='ltr'>canonico</span> <span class='ocrx_word' id='word_1_245' title='bbox 885 3778 1053 3845; x_wconf 88' lang='lat' dir='ltr'>Remensi,</span> <span class='ocrx_word' id='word_1_246' title='bbox 1068 3792 1125 3837; x_wconf 87' lang='lat' dir='ltr'>sa-</span> 
     </span>
     <span class='ocr_line' id='line_1_35' title="bbox 328 3878 527 3949; baseline 0.01 -12"><span class='ocrx_word' id='word_1_247' title='bbox 328 3878 443 3949; x_wconf 87' lang='lat' dir='ltr'>lutern,</span> <span class='ocrx_word' id='word_1_248' title='bbox 463 3880 527 3939; x_wconf 85' lang='lat' dir='ltr'>etc.</span> 
     </span>
    </p>

    <p class='ocr_par' dir='ltr' id='par_1_10' title="bbox 327 3970 1165 5309">
     <span class='ocr_line' id='line_1_36' title="bbox 368 3970 1123 4052; baseline -0.005 -17"><span class='ocrx_word' id='word_1_249' title='bbox 368 3978 418 4035; x_wconf 82' lang='lat' dir='ltr'>Ex</span> <span class='ocrx_word' id='word_1_250' title='bbox 452 3975 547 4052; x_wconf 91' lang='lat' dir='ltr'>parte</span> <span class='ocrx_word' id='word_1_251' title='bbox 575 3972 687 4035; x_wconf 88' lang='lat' dir='ltr'>dilecti</span> <span class='ocrx_word' id='word_1_252' title='bbox 713 3972 774 4033; x_wconf 83' lang='lat' dir='ltr'>uhi</span> <span class='ocrx_word' id='word_1_253' title='bbox 803 3976 840 4033; x_wconf 85' lang='lat' dir='ltr'>G.</span> <span class='ocrx_word' id='word_1_254' title='bbox 872 3971 913 4033; x_wconf 93' lang='lat' dir='ltr'>de</span> <span class='ocrx_word' id='word_1_255' title='bbox 941 3970 1123 4046; x_wconf 80' lang='lat' dir='ltr'>Tirangulo</span> 
     </span>
     <span class='ocr_line' id='line_1_37' title="bbox 327 4068 1124 4147; baseline -0.008 -14"><span class='ocrx_word' id='word_1_256' title='bbox 327 4072 427 4133; x_wconf 91' lang='lat' dir='ltr'>electi</span> <span class='ocrx_word' id='word_1_257' title='bbox 450 4072 486 4133; x_wconf 90' lang='lat' dir='ltr'>in</span> <span class='ocrx_word' id='word_1_258' title='bbox 511 4070 727 4147; x_wconf 88' lang='lat' dir='ltr'>praepositum</span> <span class='ocrx_word' id='word_1_259' title='bbox 763 4069 797 4131; x_wconf 89' lang='lat' dir='ltr'>et</span> <span class='ocrx_word' id='word_1_260' title='bbox 827 4068 965 4144; x_wconf 89' lang='lat' dir='ltr'>capituli</span> <span class='ocrx_word' id='word_1_261' title='bbox 992 4068 1124 4143; x_wconf 85' lang='lat' dir='ltr'>Sanctae</span> 
     </span>
     <span class='ocr_line' id='line_1_38' title="bbox 328 4164 1125 4243; baseline -0.009 -14"><span class='ocrx_word' id='word_1_262' title='bbox 328 4170 445 4230; x_wconf 88' lang='lat' dir='ltr'>Mariae</span> <span class='ocrx_word' id='word_1_263' title='bbox 459 4168 666 4243; x_wconf 81' lang='lat' dir='ltr'>Magdalenae</span> <span class='ocrx_word' id='word_1_264' title='bbox 683 4166 904 4227; x_wconf 82' lang='lat' dir='ltr'>virdunensis</span> <span class='ocrx_word' id='word_1_265' title='bbox 918 4164 982 4225; x_wconf 88' lang='lat' dir='ltr'>luit</span> <span class='ocrx_word' id='word_1_266' title='bbox 1000 4179 1125 4240; x_wconf 91' lang='lat' dir='ltr'>propo-</span> 
     </span>
     <span class='ocr_line' id='line_1_39' title="bbox 330 4259 1125 4341; baseline -0.011 -13"><span class='ocrx_word' id='word_1_267' title='bbox 330 4268 430 4328; x_wconf 89' lang='lat' dir='ltr'>situm</span> <span class='ocrx_word' id='word_1_268' title='bbox 449 4281 562 4325; x_wconf 91' lang='lat' dir='ltr'>coram</span> <span class='ocrx_word' id='word_1_269' title='bbox 580 4264 687 4335; x_wconf 82' lang='lat' dir='ltr'>noble,</span> <span class='ocrx_word' id='word_1_270' title='bbox 704 4263 790 4341; x_wconf 85' lang='lat' dir='ltr'>quod</span> <span class='ocrx_word' id='word_1_271' title='bbox 806 4261 1007 4323; x_wconf 79' lang='lat' dir='ltr'>uenerabilis</span> <span class='ocrx_word' id='word_1_272' title='bbox 1021 4259 1125 4322; x_wconf 84' lang='lat' dir='ltr'>trater</span> 
     </span>
     <span class='ocr_line' id='line_1_40' title="bbox 329 4358 1124 4436; baseline -0.013 -11"><span class='ocrx_word' id='word_1_273' title='bbox 329 4363 443 4425; x_wconf 91' lang='lat' dir='ltr'>noster</span> <span class='ocrx_word' id='word_1_274' title='bbox 455 4362 725 4436; x_wconf 90' lang='lat' dir='ltr'>archiepiscopus</span> <span class='ocrx_word' id='word_1_275' title='bbox 740 4358 955 4420; x_wconf 85' lang='lat' dir='ltr'>Treverensis</span> <span class='ocrx_word' id='word_1_276' title='bbox 968 4371 1124 4417; x_wconf 89' lang='lat' dir='ltr'>asserens</span> 
     </span>
     <span class='ocr_line' id='line_1_41' title="bbox 329 4454 1165 4531; baseline -0.01 -9"><span class='ocrx_word' id='word_1_277' title='bbox 329 4476 390 4522; x_wconf 86' lang='lat' dir='ltr'>uos</span> <span class='ocrx_word' id='word_1_278' title='bbox 406 4459 471 4521; x_wconf 90' lang='lat' dir='ltr'>sibi</span> <span class='ocrx_word' id='word_1_279' title='bbox 491 4458 612 4519; x_wconf 89' lang='lat' dir='ltr'>litteris</span> <span class='ocrx_word' id='word_1_280' title='bbox 631 4456 830 4531; x_wconf 82' lang='lat' dir='ltr'>ApostolicIs</span> <span class='ocrx_word' id='word_1_281' title='bbox 845 4454 1068 4524; x_wconf 88' lang='lat' dir='ltr'>mandavisse,</span> <span class='ocrx_word' id='word_1_282' title='bbox 1089 4454 1125 4514; x_wconf 85' lang='lat' dir='ltr'>ut</span> <span class='ocrx_word' id='word_1_283' title='bbox 1161 4516 1165 4525; x_wconf 73' lang='grc'><strong>,</strong></span> 
     </span>
     <span class='ocr_line' id='line_1_42' title="bbox 330 4551 1123 4632; baseline -0.01 -15"><span class='ocrx_word' id='word_1_284' title='bbox 330 4556 372 4617; x_wconf 92' lang='lat' dir='ltr'>de</span> <span class='ocrx_word' id='word_1_285' title='bbox 400 4557 511 4632; x_wconf 87' lang='lat' dir='ltr'>aliquo</span> <span class='ocrx_word' id='word_1_286' title='bbox 532 4555 713 4631; x_wconf 90' lang='lat' dir='ltr'>personatu</span> <span class='ocrx_word' id='word_1_287' title='bbox 734 4551 875 4612; x_wconf 81' lang='lat' dir='ltr'>vacante</span> <span class='ocrx_word' id='word_1_288' title='bbox 902 4552 936 4610; x_wconf 92' lang='lat' dir='ltr'>in</span> <span class='ocrx_word' id='word_1_289' title='bbox 961 4565 1020 4610; x_wconf 87' lang='lat' dir='ltr'>sua</span> <span class='ocrx_word' id='word_1_290' title='bbox 1042 4564 1123 4625; x_wconf 93' lang='lat' dir='ltr'>pro-</span> 
     </span>
     <span class='ocr_line' id='line_1_43' title="bbox 329 4645 1122 4723; baseline -0.011 -9"><span class='ocrx_word' id='word_1_291' title='bbox 329 4654 442 4716; x_wconf 79' lang='lat' dir='ltr'>vincia</span> <span class='ocrx_word' id='word_1_292' title='bbox 457 4655 509 4723; x_wconf 68' lang='lat' dir='ltr'>R,</span> <span class='ocrx_word' id='word_1_293' title='bbox 519 4649 720 4712; x_wconf 78' lang='lat' dir='ltr'>virdunensi</span> <span class='ocrx_word' id='word_1_294' title='bbox 735 4647 907 4718; x_wconf 88' lang='lat' dir='ltr'>canonico,</span> <span class='ocrx_word' id='word_1_295' title='bbox 924 4645 1122 4721; x_wconf 81' lang='lat' dir='ltr'>provideret,</span> 
     </span>
     <span class='ocr_line' id='line_1_44' title="bbox 330 4741 1123 4828; baseline -0.013 -18"><span class='ocrx_word' id='word_1_296' title='bbox 330 4749 520 4828; x_wconf 84' lang='lat' dir='ltr'>injunxisse</span> <span class='ocrx_word' id='word_1_297' title='bbox 534 4747 655 4808; x_wconf 89' lang='lat' dir='ltr'>dicitur</span> <span class='ocrx_word' id='word_1_298' title='bbox 667 4750 717 4816; x_wconf 72' lang='lat' dir='ltr'>T,</span> <span class='ocrx_word' id='word_1_299' title='bbox 732 4744 894 4806; x_wconf 90' lang='lat' dir='ltr'>canonico</span> <span class='ocrx_word' id='word_1_300' title='bbox 909 4741 1123 4809; x_wconf 88' lang='lat' dir='ltr'>virdunensi,</span> 
     </span>
     <span class='ocr_line' id='line_1_45' title="bbox 331 4838 1125 4923; baseline -0.015 -14"><span class='ocrx_word' id='word_1_301' title='bbox 331 4850 367 4909; x_wconf 91' lang='lat' dir='ltr'>ut</span> <span class='ocrx_word' id='word_1_302' title='bbox 382 4848 410 4907; x_wconf 92' lang='lat' dir='ltr'>si</span> <span class='ocrx_word' id='word_1_303' title='bbox 430 4862 495 4923; x_wconf 87' lang='lat' dir='ltr'>qua</span> <span class='ocrx_word' id='word_1_304' title='bbox 515 4844 659 4920; x_wconf 83' lang='lat' dir='ltr'>dignttas</span> <span class='ocrx_word' id='word_1_305' title='bbox 680 4844 760 4903; x_wconf 89' lang='lat' dir='ltr'>tunc</span> <span class='ocrx_word' id='word_1_306' title='bbox 775 4840 916 4902; x_wconf 84' lang='lat' dir='ltr'>vacabat</span> <span class='ocrx_word' id='word_1_307' title='bbox 934 4841 969 4900; x_wconf 92' lang='lat' dir='ltr'>in</span> <span class='ocrx_word' id='word_1_308' title='bbox 990 4838 1125 4900; x_wconf 89' lang='lat' dir='ltr'>dioecesi</span> 
     </span>
     <span class='ocr_line' id='line_1_46' title="bbox 329 4936 1127 5013; baseline -0.01 -9"><span class='ocrx_word' id='word_1_309' title='bbox 329 4942 543 5013; x_wconf 90' lang='lat' dir='ltr'>virdunensi,</span> <span class='ocrx_word' id='word_1_310' title='bbox 564 4941 617 5001; x_wconf 84' lang='lat' dir='ltr'>vel</span> <span class='ocrx_word' id='word_1_311' title='bbox 632 4940 767 5000; x_wconf 88' lang='lat' dir='ltr'>vacaret</span> <span class='ocrx_word' id='word_1_312' title='bbox 784 4937 819 4998; x_wconf 93' lang='lat' dir='ltr'>in</span> <span class='ocrx_word' id='word_1_313' title='bbox 840 4940 1019 5013; x_wconf 89' lang='lat' dir='ltr'>posterum,</span> <span class='ocrx_word' id='word_1_314' title='bbox 1036 4936 1127 4997; x_wconf 89' lang='lat' dir='ltr'>elec-</span> 
     </span>
     <span class='ocr_line' id='line_1_47' title="bbox 331 5034 1124 5114; baseline -0.01 -13"><span class='ocrx_word' id='word_1_315' title='bbox 331 5042 421 5103; x_wconf 87' lang='lat' dir='ltr'>tores</span> <span class='ocrx_word' id='word_1_316' title='bbox 436 5040 542 5114; x_wconf 88' lang='lat' dir='ltr'>ipsius</span> <span class='ocrx_word' id='word_1_317' title='bbox 557 5037 598 5099; x_wconf 90' lang='lat' dir='ltr'>ab</span> <span class='ocrx_word' id='word_1_318' title='bbox 614 5034 759 5112; x_wconf 77' lang='lat' dir='ltr'>eligendi</span> <span class='ocrx_word' id='word_1_319' title='bbox 776 5034 994 5111; x_wconf 87' lang='lat' dir='ltr'>suspenderet</span> <span class='ocrx_word' id='word_1_320' title='bbox 1010 5036 1124 5109; x_wconf 90' lang='lat' dir='ltr'>potes-</span> 
     </span>
     <span class='ocr_line' id='line_1_48' title="bbox 332 5130 1124 5211; baseline -0.015 -10"><span class='ocrx_word' id='word_1_321' title='bbox 332 5141 411 5209; x_wconf 83' lang='lat' dir='ltr'>tate,</span> <span class='ocrx_word' id='word_1_322' title='bbox 442 5136 546 5197; x_wconf 89' lang='lat' dir='ltr'>donec</span> <span class='ocrx_word' id='word_1_323' title='bbox 575 5150 676 5211; x_wconf 90' lang='lat' dir='ltr'>super</span> <span class='ocrx_word' id='word_1_324' title='bbox 701 5133 892 5210; x_wconf 84' lang='lat' dir='ltr'>provisione</span> <span class='ocrx_word' id='word_1_325' title='bbox 927 5130 1057 5209; x_wconf 86' lang='lat' dir='ltr'>praelati</span> <span class='ocrx_word' id='word_1_326' title='bbox 1086 5133 1124 5191; x_wconf 84' lang='lat' dir='ltr'>R.</span> 
     </span>
     <span class='ocr_line' id='line_1_49' title="bbox 332 5228 1124 5309; baseline -0.016 -10"><span class='ocrx_word' id='word_1_327' title='bbox 332 5234 524 5299; x_wconf 88' lang='lat' dir='ltr'>mandatum</span> <span class='ocrx_word' id='word_1_328' title='bbox 565 5235 654 5295; x_wconf 85' lang='lat' dir='ltr'>esset</span> <span class='ocrx_word' id='word_1_329' title='bbox 683 5231 911 5309; x_wconf 68' lang='lat' dir='ltr'>apostolicum</span> <span class='ocrx_word' id='word_1_330' title='bbox 940 5228 1124 5291; x_wconf 89' lang='lat' dir='ltr'>assecutus.</span> 
     </span>
    </p>
   </div>
   <div class='ocr_carea' id='block_1_10' title="bbox 1172 1741 1970 1914">
    <p class='ocr_par' dir='ltr' id='par_1_11' title="bbox 1172 1741 1970 1914">
     <span class='ocr_line' id='line_1_50' title="bbox 1172 1741 1970 1812; baseline -0.004 -9"><span class='ocrx_word' id='word_1_331' title='bbox 1172 1743 1353 1804; x_wconf 85' lang='lat' dir='ltr'>excedente</span> <span class='ocrx_word' id='word_1_332' title='bbox 1376 1741 1458 1802; x_wconf 85' lang='lat' dir='ltr'>flues</span> <span class='ocrx_word' id='word_1_333' title='bbox 1478 1741 1636 1812; x_wconf 90' lang='lat' dir='ltr'>mandati,</span> <span class='ocrx_word' id='word_1_334' title='bbox 1655 1741 1697 1802; x_wconf 93' lang='lat' dir='ltr'>de</span> <span class='ocrx_word' id='word_1_335' title='bbox 1717 1741 1878 1802; x_wconf 84' lang='lat' dir='ltr'>beneflcio</span> <span class='ocrx_word' id='word_1_336' title='bbox 1899 1757 1970 1802; x_wconf 92' lang='lat' dir='ltr'>non</span> 
     </span>
     <span class='ocr_line' id='line_1_51' title="bbox 1173 1837 1968 1914; baseline -0.004 -15"><span class='ocrx_word' id='word_1_337' title='bbox 1173 1840 1312 1900; x_wconf 84' lang='lat' dir='ltr'>vacante</span> <span class='ocrx_word' id='word_1_338' title='bbox 1337 1840 1581 1914; x_wconf 80' lang='lat' dir='ltr'>praesumptam,</span> <span class='ocrx_word' id='word_1_339' title='bbox 1607 1853 1646 1898; x_wconf 87' lang='lat' dir='ltr'>ao</span> <span class='ocrx_word' id='word_1_340' title='bbox 1666 1837 1707 1898; x_wconf 89' lang='lat' dir='ltr'>de</span> <span class='ocrx_word' id='word_1_341' title='bbox 1731 1837 1968 1914; x_wconf 89' lang='lat' dir='ltr'>appellationis</span> 
     </span>
    </p>
   </div>
   <div class='ocr_carea' id='block_1_11' title="bbox 1173 1923 2087 2010">
    <p class='ocr_par' dir='ltr' id='par_1_12' title="bbox 1173 1923 2087 2010">
     <span class='ocr_line' id='line_1_52' title="bbox 1173 1923 2087 2010; baseline -0.003 -14"><span class='ocrx_word' id='word_1_342' title='bbox 1173 1952 1241 1996; x_wconf 83' lang='lat' dir='ltr'>suae</span> <span class='ocrx_word' id='word_1_343' title='bbox 1264 1935 1398 2010; x_wconf 88' lang='lat' dir='ltr'>juribus</span> <span class='ocrx_word' id='word_1_344' title='bbox 1422 1935 1636 2006; x_wconf 80' lang='lat' dir='ltr'>confidentes,</span> <span class='ocrx_word' id='word_1_345' title='bbox 1653 1935 1803 1998; x_wconf 86' lang='lat' dir='ltr'>eumdem</span> <span class='ocrx_word' id='word_1_346' title='bbox 1829 1935 1973 1994; x_wconf 77' lang='lat' dir='ltr'>duillel-</span> <span class='ocrx_word' id='word_1_347' title='bbox 2083 1923 2087 1932; x_wconf 77' lang='grc'><strong>“</strong></span> 
     </span>
    </p>
   </div>
   <div class='ocr_carea' id='block_1_12' title="bbox 1173 2031 1993 5293">
    <p class='ocr_par' dir='ltr' id='par_1_13' title="bbox 1173 2031 1993 5293">
     <span class='ocr_line' id='line_1_53' title="bbox 1173 2031 1969 2107; baseline -0.003 -15"><span class='ocrx_word' id='word_1_348' title='bbox 1173 2047 1261 2092; x_wconf 90' lang='lat' dir='ltr'>mum</span> <span class='ocrx_word' id='word_1_349' title='bbox 1276 2033 1312 2091; x_wconf 91' lang='lat' dir='ltr'>in</span> <span class='ocrx_word' id='word_1_350' title='bbox 1331 2031 1436 2107; x_wconf 88' lang='lat' dir='ltr'>ipsius</span> <span class='ocrx_word' id='word_1_351' title='bbox 1451 2032 1600 2092; x_wconf 89' lang='lat' dir='ltr'>ecclesiae</span> <span class='ocrx_word' id='word_1_352' title='bbox 1623 2031 1835 2106; x_wconf 81' lang='lat' dir='ltr'>praepositum</span> <span class='ocrx_word' id='word_1_353' title='bbox 1851 2031 1969 2105; x_wconf 84' lang='lat' dir='ltr'>elege-</span> 
     </span>
     <span class='ocr_line' id='line_1_54' title="bbox 1173 2127 1970 2204; baseline -0.005 -14"><span class='ocrx_word' id='word_1_354' title='bbox 1173 2130 1302 2203; x_wconf 79' lang='lat' dir='ltr'>gerunt.</span> <span class='ocrx_word' id='word_1_355' title='bbox 1329 2131 1490 2190; x_wconf 85' lang='lat' dir='ltr'>Caeterum</span> <span class='ocrx_word' id='word_1_356' title='bbox 1512 2129 1670 2204; x_wconf 77' lang='lat' dir='ltr'>praelatus</span> <span class='ocrx_word' id='word_1_357' title='bbox 1695 2127 1970 2203; x_wconf 84' lang='lat' dir='ltr'>archiepiscopus</span> 
     </span>
     <span class='ocr_line' id='line_1_55' title="bbox 1174 2224 1971 2302; baseline -0.004 -15"><span class='ocrx_word' id='word_1_358' title='bbox 1174 2227 1250 2301; x_wconf 91' lang='lat' dir='ltr'>post</span> <span class='ocrx_word' id='word_1_359' title='bbox 1267 2226 1522 2302; x_wconf 88' lang='lat' dir='ltr'>appellationem</span> <span class='ocrx_word' id='word_1_360' title='bbox 1538 2226 1579 2287; x_wconf 90' lang='lat' dir='ltr'>ad</span> <span class='ocrx_word' id='word_1_361' title='bbox 1593 2241 1653 2286; x_wconf 91' lang='lat' dir='ltr'>nos</span> <span class='ocrx_word' id='word_1_362' title='bbox 1669 2225 1710 2286; x_wconf 95' lang='lat' dir='ltr'>ab</span> <span class='ocrx_word' id='word_1_363' title='bbox 1732 2225 1805 2301; x_wconf 88' lang='lat' dir='ltr'>ipso</span> <span class='ocrx_word' id='word_1_364' title='bbox 1821 2224 1971 2299; x_wconf 89' lang='lat' dir='ltr'>capitulo</span> 
     </span>
     <span class='ocr_line' id='line_1_56' title="bbox 1173 2321 1971 2397; baseline -0.001 -17"><span class='ocrx_word' id='word_1_365' title='bbox 1173 2323 1405 2397; x_wconf 87' lang='lat' dir='ltr'>interpositam</span> <span class='ocrx_word' id='word_1_366' title='bbox 1423 2322 1592 2383; x_wconf 88' lang='lat' dir='ltr'>mandavit</span> <span class='ocrx_word' id='word_1_367' title='bbox 1612 2322 1734 2383; x_wconf 88' lang='lat' dir='ltr'>dictum</span> <span class='ocrx_word' id='word_1_368' title='bbox 1756 2323 1793 2382; x_wconf 89' lang='lat' dir='ltr'>R.</span> <span class='ocrx_word' id='word_1_369' title='bbox 1809 2321 1844 2380; x_wconf 92' lang='lat' dir='ltr'>in</span> <span class='ocrx_word' id='word_1_370' title='bbox 1864 2321 1971 2396; x_wconf 89' lang='lat' dir='ltr'>ipsius</span> 
     </span>
     <span class='ocr_line' id='line_1_57' title="bbox 1175 2417 1971 2494; baseline -0.003 -16"><span class='ocrx_word' id='word_1_371' title='bbox 1175 2420 1402 2494; x_wconf 81' lang='lat' dir='ltr'>praepositurae</span> <span class='ocrx_word' id='word_1_372' title='bbox 1422 2420 1663 2494; x_wconf 90' lang='lat' dir='ltr'>possessionem</span> <span class='ocrx_word' id='word_1_373' title='bbox 1683 2418 1806 2489; x_wconf 90' lang='lat' dir='ltr'>induci,</span> <span class='ocrx_word' id='word_1_374' title='bbox 1829 2417 1864 2476; x_wconf 87' lang='lat' dir='ltr'>in</span> <span class='ocrx_word' id='word_1_375' title='bbox 1884 2433 1971 2477; x_wconf 89' lang='lat' dir='ltr'>con-</span> 
     </span>
     <span class='ocr_line' id='line_1_58' title="bbox 1174 2514 1972 2592; baseline -0.004 -16"><span class='ocrx_word' id='word_1_376' title='bbox 1174 2515 1371 2576; x_wconf 89' lang='lat' dir='ltr'>tradictores</span> <span class='ocrx_word' id='word_1_377' title='bbox 1385 2514 1548 2592; x_wconf 85' lang='lat' dir='ltr'>quoslibet</span> <span class='ocrx_word' id='word_1_378' title='bbox 1562 2530 1601 2576; x_wconf 89' lang='lat' dir='ltr'>ac</span> <span class='ocrx_word' id='word_1_379' title='bbox 1616 2514 1757 2576; x_wconf 90' lang='lat' dir='ltr'>rebelles</span> <span class='ocrx_word' id='word_1_380' title='bbox 1773 2529 1972 2576; x_wconf 85' lang='lat' dir='ltr'>excommu-</span> 
     </span>
     <span class='ocr_line' id='line_1_59' title="bbox 1175 2608 1972 2684; baseline -0.004 -13"><span class='ocrx_word' id='word_1_381' title='bbox 1175 2610 1353 2671; x_wconf 91' lang='lat' dir='ltr'>nicationis</span> <span class='ocrx_word' id='word_1_382' title='bbox 1387 2609 1583 2670; x_wconf 89' lang='lat' dir='ltr'>senteutiam</span> <span class='ocrx_word' id='word_1_383' title='bbox 1622 2608 1831 2684; x_wconf 80' lang='lat' dir='ltr'>proterendo.</span> <span class='ocrx_word' id='word_1_384' title='bbox 1863 2610 1972 2668; x_wconf 89' lang='lat' dir='ltr'>Porro</span> 
     </span>
     <span class='ocr_line' id='line_1_60' title="bbox 1175 2702 1993 2779; baseline -0.004 -14"><span class='ocrx_word' id='word_1_385' title='bbox 1175 2706 1282 2767; x_wconf 88' lang='lat' dir='ltr'>dictus</span> <span class='ocrx_word' id='word_1_386' title='bbox 1298 2707 1335 2766; x_wconf 89' lang='lat' dir='ltr'>R.</span> <span class='ocrx_word' id='word_1_387' title='bbox 1357 2703 1398 2764; x_wconf 88' lang='lat' dir='ltr'>ad</span> <span class='ocrx_word' id='word_1_388' title='bbox 1422 2703 1644 2779; x_wconf 81' lang='lat' dir='ltr'>Apostolicam</span> <span class='ocrx_word' id='word_1_389' title='bbox 1668 2703 1786 2764; x_wconf 89' lang='lat' dir='ltr'>Sedem</span> <span class='ocrx_word' id='word_1_390' title='bbox 1807 2702 1993 2764; x_wconf 90' lang='lat' dir='ltr'>accedens-</span> 
     </span>
     <span class='ocr_line' id='line_1_61' title="bbox 1177 2800 1973 2878; baseline -0.005 -15"><span class='ocrx_word' id='word_1_391' title='bbox 1177 2818 1277 2878; x_wconf 91' lang='lat' dir='ltr'>super</span> <span class='ocrx_word' id='word_1_392' title='bbox 1295 2801 1358 2862; x_wconf 90' lang='lat' dir='ltr'>hoc</span> <span class='ocrx_word' id='word_1_393' title='bbox 1373 2803 1503 2861; x_wconf 91' lang='lat' dir='ltr'>nostras</span> <span class='ocrx_word' id='word_1_394' title='bbox 1523 2801 1564 2861; x_wconf 91' lang='lat' dir='ltr'>ad</span> <span class='ocrx_word' id='word_1_395' title='bbox 1584 2802 1626 2872; x_wconf 92' lang='lat' dir='ltr'>te,</span> <span class='ocrx_word' id='word_1_396' title='bbox 1639 2801 1688 2860; x_wconf 84' lang='lat' dir='ltr'>lili</span> <span class='ocrx_word' id='word_1_397' title='bbox 1703 2800 1914 2870; x_wconf 88' lang='lat' dir='ltr'>scholastice,</span> <span class='ocrx_word' id='word_1_398' title='bbox 1932 2815 1973 2860; x_wconf 92' lang='lat' dir='ltr'>ac</span> 
     </span>
     <span class='ocr_line' id='line_1_62' title="bbox 1176 2897 1970 2976; baseline -0.006 -16"><span class='ocrx_word' id='word_1_399' title='bbox 1176 2897 1970 2976; x_wconf 85' lang='lat' dir='ltr'>quosdamaliostamcontradictumcapitulum,</span> 
     </span>
     <span class='ocr_line' id='line_1_63' title="bbox 1177 2993 1974 3074; baseline -0.005 -18"><span class='ocrx_word' id='word_1_400' title='bbox 1177 3011 1275 3074; x_wconf 88' lang='lat' dir='ltr'>quam</span> <span class='ocrx_word' id='word_1_401' title='bbox 1290 2997 1404 3055; x_wconf 88' lang='lat' dir='ltr'>contra</span> <span class='ocrx_word' id='word_1_402' title='bbox 1420 2993 1575 3069; x_wconf 85' lang='lat' dir='ltr'>praelatos</span> <span class='ocrx_word' id='word_1_403' title='bbox 1588 2993 1749 3054; x_wconf 87' lang='lat' dir='ltr'>decanum</span> <span class='ocrx_word' id='word_1_404' title='bbox 1762 2997 1814 3064; x_wconf 67' lang='lat' dir='ltr'>G,</span> <span class='ocrx_word' id='word_1_405' title='bbox 1831 2995 1864 3054; x_wconf 92' lang='lat' dir='ltr'>et</span> <span class='ocrx_word' id='word_1_406' title='bbox 1876 3007 1974 3069; x_wconf 88' lang='lat' dir='ltr'>quos-</span> 
     </span>
     <span class='ocr_line' id='line_1_64' title="bbox 1177 3089 1973 3166; baseline -0.003 -14"><span class='ocrx_word' id='word_1_407' title='bbox 1177 3093 1251 3152; x_wconf 90' lang='lat' dir='ltr'>dam</span> <span class='ocrx_word' id='word_1_408' title='bbox 1264 3092 1348 3152; x_wconf 90' lang='lat' dir='ltr'>alios</span> <span class='ocrx_word' id='word_1_409' title='bbox 1363 3091 1403 3152; x_wconf 92' lang='lat' dir='ltr'>de</span> <span class='ocrx_word' id='word_1_410' title='bbox 1419 3089 1564 3166; x_wconf 88' lang='lat' dir='ltr'>capitulo</span> <span class='ocrx_word' id='word_1_411' title='bbox 1579 3091 1691 3166; x_wconf 91' lang='lat' dir='ltr'>plures</span> <span class='ocrx_word' id='word_1_412' title='bbox 1706 3091 1828 3151; x_wconf 90' lang='lat' dir='ltr'>dicitur</span> <span class='ocrx_word' id='word_1_413' title='bbox 1840 3091 1973 3151; x_wconf 90' lang='lat' dir='ltr'>litteras</span> 
     </span>
     <span class='ocr_line' id='line_1_65' title="bbox 1176 3187 1973 3266; baseline -0.001 -16"><span class='ocrx_word' id='word_1_414' title='bbox 1176 3190 1372 3266; x_wconf 88' lang='lat' dir='ltr'>impetrasse</span> <span class='ocrx_word' id='word_1_415' title='bbox 1396 3189 1436 3249; x_wconf 90' lang='lat' dir='ltr'>de</span> <span class='ocrx_word' id='word_1_416' title='bbox 1455 3187 1688 3264; x_wconf 88' lang='lat' dir='ltr'>appellatione,</span> <span class='ocrx_word' id='word_1_417' title='bbox 1702 3204 1775 3265; x_wconf 85' lang='lat' dir='ltr'>quae</span> <span class='ocrx_word' id='word_1_418' title='bbox 1796 3187 1973 3263; x_wconf 84' lang='lat' dir='ltr'>interjecta</span> 
     </span>
     <span class='ocr_line' id='line_1_66' title="bbox 1176 3285 1971 3358; baseline -0.004 -11"><span class='ocrx_word' id='word_1_419' title='bbox 1176 3287 1295 3358; x_wconf 84' lang='lat' dir='ltr'>fuerat,</span> <span class='ocrx_word' id='word_1_420' title='bbox 1314 3302 1381 3348; x_wconf 93' lang='lat' dir='ltr'>non</span> <span class='ocrx_word' id='word_1_421' title='bbox 1396 3285 1509 3347; x_wconf 85' lang='lat' dir='ltr'>habita</span> <span class='ocrx_word' id='word_1_422' title='bbox 1531 3286 1710 3347; x_wconf 92' lang='lat' dir='ltr'>mentione.</span> <span class='ocrx_word' id='word_1_423' title='bbox 1730 3287 1839 3357; x_wconf 88' lang='lat' dir='ltr'>Quare</span> <span class='ocrx_word' id='word_1_424' title='bbox 1853 3286 1971 3345; x_wconf 86' lang='lat' dir='ltr'>humi-</span> 
     </span>
     <span class='ocr_line' id='line_1_67' title="bbox 1178 3381 1974 3461; baseline 0.001 -19"><span class='ocrx_word' id='word_1_425' title='bbox 1178 3383 1254 3446; x_wconf 91' lang='lat' dir='ltr'>liter</span> <span class='ocrx_word' id='word_1_426' title='bbox 1283 3384 1449 3461; x_wconf 87' lang='lat' dir='ltr'>petlerunt</span> <span class='ocrx_word' id='word_1_427' title='bbox 1483 3382 1554 3455; x_wconf 90' lang='lat' dir='ltr'>tibi,</span> <span class='ocrx_word' id='word_1_428' title='bbox 1588 3386 1621 3442; x_wconf 88' lang='lat' dir='ltr'>et</span> <span class='ocrx_word' id='word_1_429' title='bbox 1648 3382 1725 3443; x_wconf 91' lang='lat' dir='ltr'>aliis</span> <span class='ocrx_word' id='word_1_430' title='bbox 1756 3381 1900 3443; x_wconf 90' lang='lat' dir='ltr'>inhiberi</span> <span class='ocrx_word' id='word_1_431' title='bbox 1929 3398 1974 3443; x_wconf 90' lang='lat' dir='ltr'>ne</span> 
     </span>
     <span class='ocr_line' id='line_1_68' title="bbox 1177 3478 1972 3557; baseline 0 -16"><span class='ocrx_word' id='word_1_432' title='bbox 1177 3480 1401 3557; x_wconf 85' lang='lat' dir='ltr'>procederetis</span> <span class='ocrx_word' id='word_1_433' title='bbox 1429 3480 1627 3541; x_wconf 87' lang='lat' dir='ltr'>auctoritate</span> <span class='ocrx_word' id='word_1_434' title='bbox 1660 3478 1851 3555; x_wconf 89' lang='lat' dir='ltr'>hujusmodi</span> <span class='ocrx_word' id='word_1_435' title='bbox 1877 3478 1972 3541; x_wconf 82' lang='lat' dir='ltr'>litte-</span> 
     </span>
     <span class='ocr_line' id='line_1_69' title="bbox 1176 3574 1972 3650; baseline -0.006 -11"><span class='ocrx_word' id='word_1_436' title='bbox 1176 3594 1301 3650; x_wconf 90' lang='lat' dir='ltr'>rarum,</span> <span class='ocrx_word' id='word_1_437' title='bbox 1320 3578 1474 3637; x_wconf 87' lang='lat' dir='ltr'>revocato</span> <span class='ocrx_word' id='word_1_438' title='bbox 1487 3574 1523 3635; x_wconf 90' lang='lat' dir='ltr'>in</span> <span class='ocrx_word' id='word_1_439' title='bbox 1541 3575 1684 3646; x_wconf 91' lang='lat' dir='ltr'>irritum,</span> <span class='ocrx_word' id='word_1_440' title='bbox 1706 3574 1770 3635; x_wconf 89' lang='lat' dir='ltr'>sia</span> <span class='ocrx_word' id='word_1_441' title='bbox 1794 3576 1827 3637; x_wconf 93' lang='lat' dir='ltr'>te</span> <span class='ocrx_word' id='word_1_442' title='bbox 1843 3590 1884 3637; x_wconf 87' lang='lat' dir='ltr'>ac</span> <span class='ocrx_word' id='word_1_443' title='bbox 1902 3576 1972 3635; x_wconf 88' lang='lat' dir='ltr'>illis</span> 
     </span>
     <span class='ocr_line' id='line_1_70' title="bbox 1177 3673 1975 3750; baseline -0.003 -17"><span class='ocrx_word' id='word_1_444' title='bbox 1177 3675 1213 3734; x_wconf 88' lang='lat' dir='ltr'>iu</span> <span class='ocrx_word' id='word_1_445' title='bbox 1235 3675 1347 3750; x_wconf 90' lang='lat' dir='ltr'>aliquo</span> <span class='ocrx_word' id='word_1_446' title='bbox 1372 3674 1422 3736; x_wconf 89' lang='lat' dir='ltr'>est</span> <span class='ocrx_word' id='word_1_447' title='bbox 1443 3688 1634 3748; x_wconf 84' lang='lat' dir='ltr'>processum</span> <span class='ocrx_word' id='word_1_448' title='bbox 1656 3674 1689 3733; x_wconf 87' lang='lat' dir='ltr'>et</span> <span class='ocrx_word' id='word_1_449' title='bbox 1710 3688 1844 3733; x_wconf 88' lang='lat' dir='ltr'>oausam</span> <span class='ocrx_word' id='word_1_450' title='bbox 1867 3673 1975 3749; x_wconf 90' lang='lat' dir='ltr'>ipsam</span> 
     </span>
     <span class='ocr_line' id='line_1_71' title="bbox 1178 3768 1975 3847; baseline -0.004 -16"><span class='ocrx_word' id='word_1_451' title='bbox 1178 3771 1290 3847; x_wconf 91' lang='lat' dir='ltr'>probis</span> <span class='ocrx_word' id='word_1_452' title='bbox 1305 3770 1388 3831; x_wconf 87' lang='lat' dir='ltr'>viris</span> <span class='ocrx_word' id='word_1_453' title='bbox 1406 3769 1595 3846; x_wconf 90' lang='lat' dir='ltr'>suspici0ne</span> <span class='ocrx_word' id='word_1_454' title='bbox 1615 3768 1805 3829; x_wconf 89' lang='lat' dir='ltr'>carentibus</span> <span class='ocrx_word' id='word_1_455' title='bbox 1824 3769 1975 3844; x_wconf 85' lang='lat' dir='ltr'>delegari</span> 
     </span>
     <span class='ocr_line' id='line_1_72' title="bbox 1178 3864 1975 3943; baseline -0.004 -15"><span class='ocrx_word' id='word_1_456' title='bbox 1178 3868 1344 3928; x_wconf 90' lang='lat' dir='ltr'>mediante</span> <span class='ocrx_word' id='word_1_457' title='bbox 1365 3865 1496 3943; x_wconf 88' lang='lat' dir='ltr'>justitia</span> <span class='ocrx_word' id='word_1_458' title='bbox 1524 3864 1744 3927; x_wconf 88' lang='lat' dir='ltr'>terminanda.</span> <span class='ocrx_word' id='word_1_459' title='bbox 1770 3867 1839 3926; x_wconf 91' lang='lat' dir='ltr'>Nos</span> <span class='ocrx_word' id='word_1_460' title='bbox 1863 3868 1975 3927; x_wconf 87' lang='lat' dir='ltr'>autern</span> 
     </span>
     <span class='ocr_line' id='line_1_73' title="bbox 1179 3962 1977 4041; baseline -0.001 -17"><span class='ocrx_word' id='word_1_461' title='bbox 1179 3965 1311 4041; x_wconf 89' lang='lat' dir='ltr'>utrique</span> <span class='ocrx_word' id='word_1_462' title='bbox 1326 3962 1412 4039; x_wconf 88' lang='lat' dir='ltr'>parti</span> <span class='ocrx_word' id='word_1_463' title='bbox 1433 3979 1528 4024; x_wconf 90' lang='lat' dir='ltr'>suam</span> <span class='ocrx_word' id='word_1_464' title='bbox 1542 3962 1691 4023; x_wconf 80' lang='lat' dir='ltr'>nolentes</span> <span class='ocrx_word' id='word_1_465' title='bbox 1704 3963 1871 4039; x_wconf 87' lang='lat' dir='ltr'>justitiam</span> <span class='ocrx_word' id='word_1_466' title='bbox 1893 3978 1977 4023; x_wconf 93' lang='lat' dir='ltr'>cou-</span> 
     </span>
     <span class='ocr_line' id='line_1_74' title="bbox 1179 4059 1976 4147; baseline -0.004 -25"><span class='ocrx_word' id='word_1_467' title='bbox 1179 4077 1325 4133; x_wconf 87' lang='lat' dir='ltr'>serrare,</span> <span class='ocrx_word' id='word_1_468' title='bbox 1346 4060 1382 4147; x_wconf 84' lang='lat' dir='ltr'>ut</span> <span class='ocrx_word' id='word_1_469' title='bbox 1397 4059 1561 4137; x_wconf 87' lang='lat' dir='ltr'>judicium</span> <span class='ocrx_word' id='word_1_470' title='bbox 1582 4059 1655 4120; x_wconf 87' lang='lat' dir='ltr'>sine</span> <span class='ocrx_word' id='word_1_471' title='bbox 1678 4059 1869 4135; x_wconf 88' lang='lat' dir='ltr'>suspicione</span> <span class='ocrx_word' id='word_1_472' title='bbox 1891 4076 1976 4137; x_wconf 92' lang='lat' dir='ltr'>pro-</span> 
     </span>
     <span class='ocr_line' id='line_1_75' title="bbox 1179 4154 1977 4229; baseline -0.003 -10"><span class='ocrx_word' id='word_1_473' title='bbox 1179 4158 1284 4229; x_wconf 87' lang='lat' dir='ltr'>cedat,</span> <span class='ocrx_word' id='word_1_474' title='bbox 1301 4173 1371 4229; x_wconf 77' lang='lat' dir='ltr'>nos,</span> <span class='ocrx_word' id='word_1_475' title='bbox 1389 4156 1450 4217; x_wconf 85' lang='lat' dir='ltr'>ulii</span> <span class='ocrx_word' id='word_1_476' title='bbox 1468 4158 1507 4215; x_wconf 87' lang='lat' dir='ltr'>H.</span> <span class='ocrx_word' id='word_1_477' title='bbox 1525 4156 1558 4216; x_wconf 89' lang='lat' dir='ltr'>et</span> <span class='ocrx_word' id='word_1_478' title='bbox 1572 4158 1622 4227; x_wconf 67' lang='lat' dir='ltr'>G„</span> <span class='ocrx_word' id='word_1_479' title='bbox 1639 4154 1712 4217; x_wconf 87' lang='lat' dir='ltr'>rice</span> <span class='ocrx_word' id='word_1_480' title='bbox 1727 4155 1875 4217; x_wconf 91' lang='lat' dir='ltr'>omnium</span> <span class='ocrx_word' id='word_1_481' title='bbox 1890 4156 1977 4217; x_wconf 91' lang='lat' dir='ltr'>alio-</span> 
     </span>
     <span class='ocr_line' id='line_1_76' title="bbox 1178 4250 1974 4332; baseline -0.004 -16"><span class='ocrx_word' id='word_1_482' title='bbox 1178 4271 1252 4316; x_wconf 92' lang='lat' dir='ltr'>rum</span> <span class='ocrx_word' id='word_1_483' title='bbox 1264 4254 1414 4332; x_wconf 90' lang='lat' dir='ltr'>judicum</span> <span class='ocrx_word' id='word_1_484' title='bbox 1430 4269 1473 4315; x_wconf 78' lang='lat' dir='ltr'>ex</span> <span class='ocrx_word' id='word_1_485' title='bbox 1485 4254 1597 4315; x_wconf 87' lang='lat' dir='ltr'>nostro</span> <span class='ocrx_word' id='word_1_486' title='bbox 1617 4250 1836 4329; x_wconf 78' lang='lat' dir='ltr'>subrogantes</span> <span class='ocrx_word' id='word_1_487' title='bbox 1850 4251 1974 4323; x_wconf 83' lang='lat' dir='ltr'>officio,</span> 
     </span>
     <span class='ocr_line' id='line_1_77' title="bbox 1179 4348 1974 4425; baseline -0.005 -12"><span class='ocrx_word' id='word_1_488' title='bbox 1179 4352 1251 4424; x_wconf 88' lang='lat' dir='ltr'>tibi,</span> <span class='ocrx_word' id='word_1_489' title='bbox 1271 4351 1318 4411; x_wconf 86' lang='lat' dir='ltr'>tili</span> <span class='ocrx_word' id='word_1_490' title='bbox 1334 4350 1543 4421; x_wconf 86' lang='lat' dir='ltr'>scholastice,</span> <span class='ocrx_word' id='word_1_491' title='bbox 1561 4350 1716 4409; x_wconf 82' lang='lat' dir='ltr'>duximus</span> <span class='ocrx_word' id='word_1_492' title='bbox 1733 4348 1974 4425; x_wconf 82' lang='lat' dir='ltr'>adjungendos,</span> 
     </span>
     <span class='ocr_line' id='line_1_78' title="bbox 1179 4446 1975 4522; baseline -0.005 -13"><span class='ocrx_word' id='word_1_493' title='bbox 1179 4448 1372 4511; x_wconf 90' lang='lat' dir='ltr'>discretioni</span> <span class='ocrx_word' id='word_1_494' title='bbox 1398 4448 1519 4509; x_wconf 84' lang='lat' dir='ltr'>restrae</span> <span class='ocrx_word' id='word_1_495' title='bbox 1547 4461 1608 4522; x_wconf 94' lang='lat' dir='ltr'>per</span> <span class='ocrx_word' id='word_1_496' title='bbox 1632 4446 1821 4521; x_wconf 87' lang='lat' dir='ltr'>Apostolica</span> <span class='ocrx_word' id='word_1_497' title='bbox 1847 4446 1975 4521; x_wconf 91' lang='lat' dir='ltr'>scripta</span> 
     </span>
     <span class='ocr_line' id='line_1_79' title="bbox 1180 4542 1975 4619; baseline -0.009 -12"><span class='ocrx_word' id='word_1_498' title='bbox 1180 4546 1386 4615; x_wconf 87' lang='lat' dir='ltr'>mandantes,</span> <span class='ocrx_word' id='word_1_499' title='bbox 1402 4544 1565 4619; x_wconf 87' lang='lat' dir='ltr'>quatenus</span> <span class='ocrx_word' id='word_1_500' title='bbox 1577 4542 1618 4601; x_wconf 91' lang='lat' dir='ltr'>ad</span> <span class='ocrx_word' id='word_1_501' title='bbox 1634 4557 1841 4603; x_wconf 91' lang='lat' dir='ltr'>communem</span> <span class='ocrx_word' id='word_1_502' title='bbox 1852 4542 1975 4614; x_wconf 88' lang='lat' dir='ltr'>locum,</span> 
     </span>
     <span class='ocr_line' id='line_1_80' title="bbox 1180 4638 1979 4717; baseline -0.005 -14"><span class='ocrx_word' id='word_1_503' title='bbox 1180 4644 1212 4704; x_wconf 90' lang='lat' dir='ltr'>et</span> <span class='ocrx_word' id='word_1_504' title='bbox 1228 4644 1333 4703; x_wconf 89' lang='lat' dir='ltr'>tutum</span> <span class='ocrx_word' id='word_1_505' title='bbox 1349 4639 1581 4717; x_wconf 87' lang='lat' dir='ltr'>personaliter,</span> <span class='ocrx_word' id='word_1_506' title='bbox 1599 4639 1628 4699; x_wconf 91' lang='lat' dir='ltr'>si</span> <span class='ocrx_word' id='word_1_507' title='bbox 1644 4638 1813 4700; x_wconf 91' lang='lat' dir='ltr'>commode</span> <span class='ocrx_word' id='word_1_508' title='bbox 1829 4638 1903 4699; x_wconf 85' lang='lat' dir='ltr'>deri</span> <span class='ocrx_word' id='word_1_509' title='bbox 1916 4656 1979 4717; x_wconf 89' lang='lat' dir='ltr'>po-</span> 
     </span>
     <span class='ocr_line' id='line_1_81' title="bbox 1179 4736 1981 4813; baseline -0.007 -11"><span class='ocrx_word' id='word_1_510' title='bbox 1179 4740 1270 4809; x_wconf 87' lang='lat' dir='ltr'>terit,</span> <span class='ocrx_word' id='word_1_511' title='bbox 1298 4737 1447 4813; x_wconf 88' lang='lat' dir='ltr'>alioquin</span> <span class='ocrx_word' id='word_1_512' title='bbox 1471 4736 1558 4797; x_wconf 88' lang='lat' dir='ltr'>alter</span> <span class='ocrx_word' id='word_1_513' title='bbox 1582 4736 1731 4797; x_wconf 82' lang='lat' dir='ltr'>restrum</span> <span class='ocrx_word' id='word_1_514' title='bbox 1760 4738 1898 4797; x_wconf 90' lang='lat' dir='ltr'>Remen.</span> <span class='ocrx_word' id='word_1_515' title='bbox 1922 4752 1981 4797; x_wconf 88' lang='lat' dir='ltr'>ac-</span> 
     </span>
     <span class='ocr_line' id='line_1_82' title="bbox 1180 4832 1979 4910; baseline -0.005 -13"><span class='ocrx_word' id='word_1_516' title='bbox 1180 4835 1337 4905; x_wconf 90' lang='lat' dir='ltr'>cedendo,</span> <span class='ocrx_word' id='word_1_517' title='bbox 1354 4834 1503 4910; x_wconf 90' lang='lat' dir='ltr'>partibus</span> <span class='ocrx_word' id='word_1_518' title='bbox 1515 4833 1716 4907; x_wconf 84' lang='lat' dir='ltr'>convocatis,</span> <span class='ocrx_word' id='word_1_519' title='bbox 1731 4832 1876 4893; x_wconf 87' lang='lat' dir='ltr'>audiatis</span> <span class='ocrx_word' id='word_1_520' title='bbox 1892 4848 1979 4893; x_wconf 85' lang='lat' dir='ltr'>cau-</span> 
     </span>
     <span class='ocr_line' id='line_1_83' title="bbox 1181 4928 1980 5007; baseline -0.003 -14"><span class='ocrx_word' id='word_1_521' title='bbox 1181 4950 1262 5004; x_wconf 91' lang='lat' dir='ltr'>sam,</span> <span class='ocrx_word' id='word_1_522' title='bbox 1288 4935 1322 4993; x_wconf 89' lang='lat' dir='ltr'>et</span> <span class='ocrx_word' id='word_1_523' title='bbox 1348 4930 1435 5007; x_wconf 91' lang='lat' dir='ltr'>quod</span> <span class='ocrx_word' id='word_1_524' title='bbox 1469 4930 1669 4992; x_wconf 88' lang='lat' dir='ltr'>canonicum</span> <span class='ocrx_word' id='word_1_525' title='bbox 1701 4928 1813 5001; x_wconf 86' lang='lat' dir='ltr'>luerit,</span> <span class='ocrx_word' id='word_1_526' title='bbox 1851 4931 1980 5007; x_wconf 86' lang='lat' dir='ltr'>absque</span> 
     </span>
     <span class='ocr_line' id='line_1_84' title="bbox 1181 5026 1979 5107; baseline -0.008 -14"><span class='ocrx_word' id='word_1_527' title='bbox 1181 5046 1283 5093; x_wconf 84' lang='lat' dir='ltr'>morae</span> <span class='ocrx_word' id='word_1_528' title='bbox 1312 5028 1496 5107; x_wconf 91' lang='lat' dir='ltr'>dispendio,</span> <span class='ocrx_word' id='word_1_529' title='bbox 1528 5026 1751 5103; x_wconf 91' lang='lat' dir='ltr'>appellatione</span> <span class='ocrx_word' id='word_1_530' title='bbox 1781 5026 1979 5103; x_wconf 88' lang='lat' dir='ltr'>postposita,</span> 
     </span>
     <span class='ocr_line' id='line_1_85' title="bbox 1181 5124 1980 5198; baseline -0.005 -10"><span class='ocrx_word' id='word_1_531' title='bbox 1181 5126 1346 5198; x_wconf 71' lang='lat' dir='ltr'>statuatis</span> <span class='ocrx_word' id='word_1_532' title='bbox 1372 5125 1545 5192; x_wconf 79' lang='lat' dir='ltr'>iacientes,</span> <span class='ocrx_word' id='word_1_533' title='bbox 1573 5127 1635 5186; x_wconf 88' lang='lat' dir='ltr'>eto.</span> <span class='ocrx_word' id='word_1_534' title='bbox 1663 5125 1781 5186; x_wconf 87' lang='lat' dir='ltr'>Datum</span> <span class='ocrx_word' id='word_1_535' title='bbox 1806 5124 1980 5197; x_wconf 87' lang='lat' dir='ltr'>Laterani,</span> 
     </span>
     <span class='ocr_line' id='line_1_86' title="bbox 1181 5220 1913 5293; baseline -0.012 -3"><span class='ocrx_word' id='word_1_536' title='bbox 1181 5228 1240 5291; x_wconf 92' lang='lat' dir='ltr'>vll</span> <span class='ocrx_word' id='word_1_537' title='bbox 1255 5223 1417 5287; x_wconf 86' lang='lat' dir='ltr'>kalendas</span> <span class='ocrx_word' id='word_1_538' title='bbox 1430 5222 1603 5293; x_wconf 76' lang='lat' dir='ltr'>februarii,</span> <span class='ocrx_word' id='word_1_539' title='bbox 1621 5236 1708 5283; x_wconf 87' lang='lat' dir='ltr'>anno</span> <span class='ocrx_word' id='word_1_540' title='bbox 1724 5220 1913 5283; x_wconf 90' lang='lat' dir='ltr'>undecimo.</span> 
     </span>
    </p>
   </div>
   <div class='ocr_carea' id='block_1_13' title="bbox 0 0 2131 6400">
    <p class='ocr_par' dir='ltr' id='par_1_14' title="bbox 0 0 2131 6400">
     <span class='ocr_line' id='line_1_87' title="bbox 0 0 2131 6400; baseline 0 0"><span class='ocrx_word' id='word_1_541' title='bbox 0 0 2131 6400; x_wconf 95' lang='lat' dir='ltr'> </span> 
     </span>
    </p>
   </div>
  </div>
 </body>
</html>
