4217 6400
757 341 985 403 EPISTOLAE.
1007 344 1087 405 LIB.
1109 347 1165 406 XL
1718 359 1776 420 178

474 501 598 590 XLVI
988 501 1136 588 cialibus¹
1145 505 1180 566 et
1190 508 1393 572 consiliariis
1405 513 1478 588 ejus
1491 512 1638 588 prolatas
1649 516 1780 592 penitus

988 601 1170 675 irritantes,
1199 621 1413 685 quecumque
1440 609 1476 669 ln
1502 609 1619 671 eadem
1645 613 1781 676 civitate

989 701 1145 762 statuisse
1179 705 1370 776 noscuntur,
1410 705 1617 768 decrevimus
1653 709 1780 771 nullius

410 809 443 864 ῃ
452 799 576 880 januarii
590 811 669 869 1227,
988 811 1064 856 esse
1080 800 1247 872 momenti,
1264 801 1421 878 tanquam
1440 803 1482 864 ab
1498 803 1631 882 einum
1654 807 1780 892 nullam

989 909 1090 970 supra
1109 895 1161 954 his
1182 898 1375 973 potestatem
1392 897 1549 972 habuere,
1567 906 1780 980 praesumpte.

988 990 1131 1066 Ideoque
1165 993 1366 1062 fraternitati
1403 997 1468 1056 tuae
1501 1013 1560 1074 per
1590 1001 1780 1075 Apostolica

143 1076 285 1148 Episcopo
299 1079 452 1148 Esculauo,
465 1095 501 1137 ne
516 1090 683 1140 extraneum
696 1084 732 1140 ad
750 1085 934 1156 potestariam
989 1088 1113 1163 scripta
1154 1091 1361 1164 mandamus,
1406 1095 1568 1170 quatenus
1608 1097 1781 1171 praemissa

177 1164 223 1220 ¹10¹
248 1167 398 1224 Γθῦῑθῑῑθω
413 1170 536 1230 &limis
551 1172 620 1243 0¹58*
636 1173 788 1244 permittat,
812 1187 847 1229 ⁸⁰
864 1176 933 1230 ¹30¹·-
989 1185 1182 1246 solemniter
1201 1187 1348 1264 publices
1374 1191 1407 1250 et
1435 1190 1538 1250 iacias
1563 1190 1604 1251 ab
1627 1191 1780 1252 omnibus

175 1250 307 1310 ²¹¹⁰¹d¹¹¹¹¹
321 1263 491 1326 9⁰¹0⁸1⁸⁸⁰¹¹¹
502 1260 675 1318 &cultuum
688 1275 754 1318 ⁸³⁰¹
768 1261 805 1318 ⁰¹)
817 1274 935 1318 &illim
988 1280 1316 1346 firmiterobservari.
1325 1287 1442 1346 Datum
1455 1287 1623 1356 Laterani,
1636 1290 1712 1350 XVI
1724 1289 1781 1349 ka-

177 1336 323 1397 dfflssfflffi'
989 1378 1104 1440 landas
1133 1379 1304 1452 februarii,
1331 1383 1542 1459 pontificatus
1565 1385 1670 1447 nostri
1692 1400 1780 1446 anno

179 1475 351 1536 Honorius
365 1477 552 1555 episcopus,
575 1481 650 1552 etc,
666 1480 851 1542 venerabili
865 1481 936 1542 ira·
989 1475 1176 1538 undecimo.

142 1569 185 1630 tri
199 1572 359 1647 episcopo
374 1575 551 1648 Escnlano',
568 1577 720 1648 salutem,
737 1579 799 1638 etc.

177 1668 380 1730 Jamdudum
390 1672 539 1733 Ecclesia
553 1676 703 1736 Romana
715 1674 853 1749 provide
865 1675 936 1734 sta·
1098 1756 1101 1766 Ι
1262 1709 1265 1716 ι
1313 1703 1458 1790 XLVII

142 1765 207 1824 tuit
224 1766 262 1825 et
278 1768 438 1843 praecepit
449 1769 688 1831 inviolabiliter
702 1771 883 1840 observari,
900 1772 936 1830 ut

139 1861 254 1922 nullus
270 1864 405 1924 omnino
421 1867 601 1928 extraneus
620 1866 746 1943 absque
762 1866 933 1942 Apostoli·
1119 1851 1170 1910 Ad
1185 1853 1365 1912 “nivei-⁴⁸⁰8
1381 1869 1481 1930 tedes
1501 1857 1645 1916 RMSSW·

138 1972 187 2018 cae
214 1959 314 2020 Sedis
339 1961 479 2036 speciali
503 1963 641 2023 licentia
669 1964 875 2039 reciperetur
898 1963 934 2021 in
1254 1982 1286 2038 17
1297 1980 1421 2052 januam
1436 1984 1514 2040 liii.

139 2054 254 2130 aliqua
269 2056 404 2118 civitate
428 2074 489 2118 seu
504 2059 577 2120 loco
593 2061 744 2120 ecclesiae
759 2060 801 2120 ad
823 2061 935 2135 potes-

137 2149 273 2223 tariam,
296 2154 367 2214 sive
392 2155 493 2215 aliam
517 2157 706 2227 rectoriam,
727 2171 934 2232 quocumque
1013 2227 1019 2240 ²
1145 2227 1151 2240 ι
1301 2227 1306 2238 .

137 2250 276 2310 nomine
292 2255 487 2313 censeretur
523 2269 563 2313 ΘΟ
587 2254 674 2330 quod
694 2268 932 2328 nonnunquam
988 2229 1036 2284 Eis
1064 2235 1178 2327 paratis·
1198 2227 1239 2328 ad
1262 2227 1449 2326 abjurandum
1473 2243 1594 2297 errores,
1619 2227 1655 2286 de
1670 2231 1780 2331 'legato

139 2345 314 2406 extiterint
328 2346 474 2408 osticium
489 2297 664 2423 potestatis
685 2349 797 2427 adepti
821 2350 931 2408 minus
991 2401 995 2407 .
1022 2316 1186 2415 AP⁰³t9¹¹⁰⁰
1202 2315 1348 2416 mmenfl⁰²
1361 2324 1389 2371 et
1404 2315 1517 2388 deme
1533 2333 1596 2416 Ψ
1613 2317 1781 2375 th¹⁸²¹⁸¹¹¹⁸

138 2444 231 2502 recte
249 2443 423 2504 sententiis
438 2445 479 2506 de
499 2445 574 2515 fide,
597 2446 651 2507 vel
664 2446 749 2506 alias
774 2445 932 2507 Ecclesiae
1022 2405 1148 2460 Livonrae
1163 2409 1191 2459 et
1204 2405 1328 2460 Estonrae
1344 2403 1483 2460 servanda
1499 2403 1639 2460 scribitur.

138 2537 262 2610 devoti,
277 2555 348 2612 eos,
362 2541 481 2616 quibus
506 2543 683 2618 praeerant
704 2543 934 2618 multipliciter
1027 2538 1194 2598 Honorius
1206 2537 1693 2614 episcopus,servusservorum
1704 2537 1775 2627 Dei,

138 2634 371 2710 depravantes,
398 2638 490 2713 ipsos
515 2638 557 2699 ab
580 2640 736 2700 Ecclesiae
757 2638 933 2700 devotione
987 2634 1153 2696 universis
1166 2633 1300 2708 regibus
1315 2635 1454 2706 Russiae,
1468 2635 1607 2696 salutem
1623 2637 1655 2696 et
1670 2633 1778 2696 omnis

136 2733 293 2792 avertere
315 2735 526 2808 satagebant,
554 2738 588 2796 at
613 2737 663 2795 sic
688 2735 751 2795 filii
775 2751 933 2796 nonnun-
985 2731 1102 2806 gratiae
1117 2729 1272 2793 fructum.
1373 2745 1374 2748 ¹
1447 2791 1449 2796 ,
1648 2785 1649 2788 ,

138 2844 241 2904 quam
255 2827 493 2903 degenerantes
508 2831 691 2907 improvide
708 2832 744 2891 in
759 2832 930 2907 privignos
1026 2827 1213 2886 Gaudemus
1228 2827 1263 2886 in
1279 2827 1428 2898 Domino,
1446 2826 1530 2903 quod
1546 2828 1632 2888 sicut
1647 2827 1779 2889 audivi-

136 2925 203 2998 piae
219 2925 338 2985 matris
361 2926 569 2988 dulcedinem
589 2928 774 2988 amaricare
793 2928 932 2988 damna·
985 2940 1069 2995 mus,
1087 2922 1195 2984 nuntii
1211 2923 1313 2984 vestri
1329 2923 1370 2983 ad
1391 2923 1615 2986 venerabilem
1638 2925 1775 2986 tratrem

139 3019 257 3083 biltter
275 3021 476 3084 nitebantur.
492 3026 617 3084 Verum
632 3041 706 3085 cum
729 3025 841 3086 dilecti
868 3024 931 3084 tilii
985 3021 1145 3090 nostrum,
1164 3021 1383 3081 Mutinensem
1400 3019 1602 3098 episcopum,
1630 3023 1776 3098 Aposto-

137 3117 282 3192 populus
307 3120 501 3192 fflcdlanus,
525 3121 682 3195 praedicto
707 3122 830 3184 statuto
845 3137 929 3183 con·
986 3117 1060 3177 licae
1073 3115 1166 3178 Sedis
1181 3116 1337 3192 legatum,
1355 3117 1495 3178 alatere
1518 3119 1643 3188 nostr0,
1660 3120 1775 3179 trans-

139 3215 425 3291 tempto,nobilem
434 3217 542 3278 virum
552 3220 766 3280 bertholdum
779 3220 813 3279 in
824 3220 929 3295 potes·
985 3215 1096 3286 missi,¹
1107 3230 1182 3277 eum
1193 3214 1364 3275 humiliter
1379 3216 1591 3289 rogaverunt,
1614 3215 1650 3275 ut
1664 3216 1775 3290 partes

137 3312 241 3371 tatem
264 3328 435 3373 assumere
462 3315 675 3384 attentarent,
703 3332 766 3375 nos
792 3315 929 3390 indigne
984 3314 1113 3373 vestras
1129 3312 1350 3389 personaliter
1369 3312 1530 3384 visitaret,
1548 3313 1625 3389 quia
1641 3312 1780 3387 cupien-

136 3402 281 3471 ie'rentes
294 3410 340 3473 ita
354 3410 647 3486 contemptibiliter
656 3412 814 3472 Ecclesiae
823 3413 930 3473 teme·
983 3411 1033 3470 tes
1049 3423 1132 3469 sana
1147 3408 1299 3468 doctrina
1319 3407 1499 3469 salubriter
1520 3408 1652 3478 instrui,
1669 3408 1777 3484 parati

136 3506 207 3565 rari
231 3507 400 3577 statutum,
430 3508 466 3567 in
491 3508 644 3569 eumdem
659 3507 814 3582 nobilem,
839 3507 929 3569 elec·
984 3500 1064 3575 estis
1080 3520 1194 3565 omnes
1210 3518 1340 3564 errores
1356 3504 1486 3581 penitus
1500 3504 1676 3578 abnegare,
1688 3518 1776 3579 'quos

135 3602 422 3675 toreuomciales,
438 3604 649 3667 consiliarios
668 3608 753 3682 ejus,
774 3606 808 3667 et
828 3620 930 3681 quos-
984 3603 1119 3679 propter
1133 3600 1295 3663 delectum
1311 3600 1576 3677 praedicatorum,
1594 3601 1680 3660 sicut
1694 3600 1774 3660 dici·

134 3696 212 3757 dam
234 3699 321 3759 alios
343 3701 434 3761 civ'es
454 3701 635 3762 Esculanos
656 3702 800 3777 propn'is
825 3702 930 3761 nomi·
983 3700 1047 3771 tur,
1065 3698 1267 3784 incurristis,
1282 3703 1315 3758 et
1330 3713 1389 3773 pro
1405 3698 1524 3774 quibus
1539 3699 1644 3758 iratus
1660 3698 1776 3757 contra

133 3794 233 3854 nibus
259 3796 449 3871 designatos
467 3799 822 3860 excommunicationis
845 3814 928 3859 sen-
983 3812 1042 3857 vos
1051 3784 1223 3883 Dominus,
1241 3795 1391 3870 permisit
1405 3808 1464 3855 vos
1481 3794 1642 3855 hactenus
1658 3792 1776 3854 multi-

131 3889 275 3951 tentiam
313 3892 453 3955 lecimus
489 3896 705 3971 promulgari,
736 3897 769 3955 et
796 3895 928 3960 demum
983 3894 1115 3969 pliciter
1133 3890 1298 3963 tribulari,
1324 3891 1532 3953 tribulandos
1560 3891 1683 3961 acrius,
1711 3890 1776 3950 nisi

132 3988 418 4061 promulgavimus
432 4006 492 4064 per
501 4007 562 4050 nos
576 3991 679 4067 ipsos.
691 3994 735 4052 nt
748 3992 927 4067 ipsenohi-
983 3992 1028 4055 de⁴
1038 3990 1130 4051 invio
1143 3990 1268 4051 erroris
1281 3988 1321 4059 ad
1335 3990 1423 4049 viam
1439 3986 1697 4064 properaveritis
1712 4004 1775 4049 ve-

132 4080 176 4137 lis
196 4082 239 4140 ad
267 4083 384 4141 Sedena
406 4086 629 4158 apostolicam
662 4102 768 4161 nuper
791 4088 928 4149 veniens
983 4088 1103 4158 ritatis,
1125 4102 1200 4147 cum
1228 4086 1349 4162 quanto
1376 4084 1499 4145 diutius
1515 4084 1714 4145 duraveritis
1740 4085 1776 4145 in

133 4173 356 4236 absolutionis
370 4178 567 4239 beneficium
591 4180 765 4254 flagitavit,
791 4185 927 4257 paratus
982 4193 1108 4255 errore,
1132 4184 1223 4243 tanto
1238 4183 1356 4244 timere
1372 4181 1505 4256 possitis
1521 4180 1691 4255 angustias
1708 4180 1773 4241 dtr-

133 4288 237 4348 super
262 4274 326 4335 hoc
340 4276 463 4337 nostris
478 4276 612 4337 obedire
635 4277 799 4338 mandatis
816 4300 823 4337 ε
840 4278 928 4338 uude
981 4281 1102 4351 riores,
1118 4280 1195 4355 quia
1208 4278 1270 4338 etsi
1293 4292 1358 4337 non
1371 4278 1537 4337 irascatur
1552 4294 1610 4354 per
1625 4278 1775 4353 singulos

132 4385 210 4429 cum
226 4372 332 4432 mater
342 4372 491 4433 Ecclesia
505 4373 719 4434 redeuntibus
728 4374 770 4435 ad
786 4389 821 4433 se
834 4374 928 4435 clau·
982 4374 1053 4435 dies
1081 4375 1251 4444 Dominus,
1281 4374 1316 4434 in
1343 4390 1400 4434 eos
1422 4374 1533 4435 tamen
1551 4375 1606 4451 qui
1627 4374 1774 4435 converti

132 4465 213 4526 dere
229 4484 295 4528 non
315 4468 433 4530 debeat
451 4472 581 4533 viscera
603 4471 746 4549 pietatis,
770 4486 843 4542 nos,
867 4487 925 4532 re·
982 4472 1209 4542 contemnunt,
1240 4486 1309 4531 suae
1337 4471 1470 4533 tandem
1496 4472 1605 4532 vibrat
1627 4469 1774 4546 gladium

133 4565 229 4639 cepto
246 4564 287 4624 ab
307 4582 345 4625 eo
372 4568 592 4642 corporaliter
609 4570 810 4647 juramento
839 4568 924 4644 qnod
982 4568 1131 4629 ultionis.
1149 4572 1213 4629 Per
1223 4584 1282 4629 vos
1294 4569 1406 4646 itaque
1417 4569 1602 4630 certificare
1612 4568 1772 4639 volentes,

132 4662 298 4722 mandatis
314 4663 436 4723 nostris
452 4664 590 4740 praecise
606 4666 748 4740 pareret,
758 4668 791 4726 et
806 4665 926 4726 sacien-
981 4682 1024 4727 an
1039 4666 1150 4726 velitis
1165 4666 1288 4726 habere
1305 4665 1346 4726 ab
1359 4666 1507 4726 Ecclesia
1520 4666 1669 4726 Romana
1682 4664 1775 4740 lega-

131 4759 292 4833 tesJuxta
307 4758 447 4819 formam
464 4762 622 4823 Ecclesia
644 4762 841 4824 beneficium
861 4763 925 4823 ab·
980 4765 1061 4835 tum,
1080 4766 1115 4825 ut
1129 4767 1201 4840 ejus
1215 4762 1416 4824 salutaribus
1439 4762 1573 4823 monitis
1591 4761 1772 4833 informati,

133 4853 307 4917 solutionis
322 4856 480 4931 impendi,
506 4857 613 4917 eidem
638 4860 858 4935 injunximus,
886 4860 924 4920 ut
981 4860 1154 4923 catholicae
1180 4860 1268 4932 ildei,
1297 4861 1460 4935 sineque
1487 4876 1583 4919 nemo
1611 4858 1771 4931 salvatur,

132 4952 346 5025 potestariam
362 4953 508 5014 civitatis
526 4955 698 5016 Esculanae
713 4957 848 5017 omnino
867 4956 924 5017 di·
980 4951 1227 5035 amplectamini
1241 4958 1427 5027 veritatem,
1440 4956 1689 5017 universitatem
1703 4972 1775 5018 ves·

132 5048 277 5121 mittens,
292 5050 464 5116 salarium,
481 5051 567 5127 quod
582 5052 636 5113 vel
657 5053 745 5115 idem
758 5054 811 5114 vel
836 5054 925 5115 alius
979 5057 1066 5115 tram
1081 5066 1249 5129 rogamus,
1266 5067 1448 5123 monemus
1472 5054 1504 5113 et
1523 5052 1695 5112 hortamur
1716 5056 1772 5116 at-

131 5146 264 5207 nomine
279 5162 340 5207 suo
351 5148 476 5223 recepit
490 5161 534 5209 ex
547 5149 630 5225 ipsa,
645 5150 799 5215 restituat
811 5167 925 5228 perso·
979 5153 1080 5223 tante,
1098 5153 1261 5227 prutenus
1276 5166 1376 5227 super
1396 5150 1459 5211 boc
1473 5148 1677 5213 voluntatem
1691 5167 1772 5213 ves-

129 5256 182 5301 nae
197 5244 346 5315 velloco,
364 5245 417 5306 cui
432 5245 588 5307 duximus
610 5247 864 5322 providendum,
893 5252 926 5311 et
978 5250 1066 5309 tram
1105 5248 1200 5309 nobis
1228 5263 1289 5324 per
1314 5248 1454 5317 litteras,
1478 5248 1510 5307 ct
1538 5247 1651 5309 fideles
1680 5263 1771 5307 nun-

131 5340 218 5413 quod
239 5340 414 5415 decaetero
437 5342 563 5403 nullam
591 5343 628 5404 in
651 5346 742 5405 terra
765 5346 925 5407 Ecclesiae
978 5346 1044 5406 tios
1075 5345 1247 5405 intimetis.
1273 5344 1408 5405 Interim
1433 5345 1543 5405 autern
1558 5360 1673 5421 pacem
1698 5359 1773 5405 cum

129 5438 342 5511 potestariam
357 5439 409 5500 vel
423 5440 600 5501 rectoriam
616 5441 758 5516 recipiat
779 5443 853 5503 sine
877 5443 924 5503 li·
979 5442 1182 5504 Christianis
1197 5442 1238 5502 de
1259 5442 1417 5512 Livonia,
1444 5444 1477 5503 et
1489 5442 1624 5503 Estonia
1644 5442 1772 5501 firmam

131 5536 241 5597 centia
256 5536 352 5597 Sedis
374 5537 576 5612 apostolice
597 5538 750 5613 speciali.
779 5541 923 5601 Septen·
979 5539 1153 5611 babentes,
1179 5554 1247 5601 non
1270 5538 1461 5617 impediatis
1484 5537 1668 5615 proiectum
1696 5537 1771 5599 ildei

129 5630 193 5695 tias
206 5646 338 5709 quoque
351 5632 393 5695 ab
405 5633 529 5697 eisdem
550 5634 666 5707 nobili,
695 5635 833 5709 vicario,
850 5636 925 5698 old·
978 5636 1191 5708 Christianae,
1208 5652 1250 5699 ne
1264 5636 1456 5701 divinamet
1468 5634 1666 5713 apostoncae
1678 5635 1772 5697 Sedis

291 659 343 718 An
356 662 552 736 episcopum
565 667 785 728 Erculaneum.

189 943 318 1004 [Thaidem
328 944 389 995 Cod.
401 946 463 1011 dipl.
475 948 583 999 dominil
593 955 682 1016 temp,
696 953 716 1010 l,
728 952 768 1012 82,
782 967 808 1003 u.
822 952 887 1016 l37.]

1050 2102 1243 2166 [Turgenevius
1252 2103 1350 2154 Russiae
1360 2105 1527 2164 ilonimcuta,
1537 2106 1557 2164 1,
1570 2105 1610 2164 20,
1621 2120 1647 2157 n.
1665 2105 1718 2168 st]
