4217 6400
147 324 205 385 aaa
754 328 1091 411 emereamur.
1114 333 1170 394 xr.
1602 390 1606 398 .
1732 341 1790 403 154

141 481 246 558 grini:
260 483 515 546 Fretbebelmus
538 485 579 546 de
593 486 695 559 Pocb,
711 486 937 550 Theodericus
992 491 1148 568 stagnum
1164 494 1325 570 usquead
1347 485 1659 559 Dunemundensem
1674 497 1791 562 termi-

90 579 96 587 '
142 580 182 640 de
197 581 350 653 Escerde,
369 583 546 644 Lutbertus
560 584 601 643 de
615 584 814 662 Nortborpe,
830 587 936 648 advo·
994 591 1121 652 minum
1131 592 1377 670 descendend0;
1392 595 1480 656 iuter
1491 596 1668 672 praedictos
1679 597 1790 660 autem

141 677 234 738 catus
258 679 527 754 peregrinorum,
554 681 735 742 Helmodus
762 682 802 743 de
827 684 938 744 Lune—
992 689 1076 749 lines
1088 689 1412 766 comprehendantur
1440 694 1534 768 prata
1559 692 1646 756 facta
1671 695 1791 758 velfa-

140 774 235 850 burg,
253 775 484 838 Heinricusde
503 778 730 851 Lit,Joannes
752 779 792 841 de
812 782 938 841 Bekes-
992 786 1122 854 cienda,
1150 804 1223 865 quae
1253 789 1330 850 sunt
1363 789 1451 850 inter
1476 791 1610 866 pontem
1643 793 1684 852 de
1721 797 1791 855 Ro-

140 870 279 944 bovede,
296 873 937 949 EngelbertusdeTisenbusen,lacobus
992 883 1130 960 denpois
1144 887 1176 946 et
1191 885 1267 946 illos
1284 886 1366 947 duos
1381 887 1509 949 montes
1525 904 1628 966 prope
1642 893 1787 966 pontem,

141 969 182 1029 de
199 969 297 1042 Urbe,
321 971 410 1031 cives
426 973 588 1047 Rigenses
604 995 612 1033 :
629 975 779 1035 Luderus
793 976 938 1038 advoca·
992 982 1098 1058 quise
1123 984 1237 1044 mutuo
1263 985 1448 1061 respiciunt
1473 988 1588 1048 contra
1612 990 1787 1063 stagnum

139 1066 206 1138 tus,
222 1068 412 1129 Bernardus
439 1068 479 1129 de
499 1073 674 1144 Deventer,
695 1072 850 1134 Albertus
872 1075 936 1136 Ut·
993 1093 1132 1154 quorum
1160 1080 1300 1140 ulterior
1322 1081 1417 1142 Naba
1441 1084 1579 1144 vocatur
1593 1086 1790 1161 propterri-

138 1164 411 1240 nortbingetalii
426 1169 651 1245 quamplures,
991 1175 1106 1236 vulum
1126 1175 1232 1247 Naba,
1246 1176 1302 1252 qui
1315 1177 1346 1237 ei
1361 1179 1513 1239 noscitur
1526 1180 1690 1256 adjacere,
1707 1181 1790 1244 cite-

180 1263 481 1338 «DatuminRiga,
493 1266 722 1326 aunoDomini
733 1268 934 1341 MCCXXIV,
992 1272 1064 1333 rior
1075 1289 1155 1334 vero
1168 1276 1307 1336 vocatur
1319 1277 1414 1336 Mons
1423 1276 1562 1352 Aquilae,
1581 1293 1640 1353 pro
1651 1293 1690 1340 eo
1701 1280 1787 1355 quod

140 1357 270 1420 decimo
286 1359 447 1421 kalendas
467 1363 638 1436 augusti.»
770 1427 773 1432 ,
864 1442 867 1448 ¹
991 1371 1039 1430 ibi
1075 1371 1248 1432 nidificare
1276 1373 1389 1448 aquila
1427 1375 1611 1434 consuevit.
1639 1379 1789 1451 Garrgus-

180 1456 274 1515 Nulli
289 1471 380 1531 erg0,
398 1458 459 1517 etc.
476 1459 596 1518 Datum
618 1459 787 1532 Laterani,
802 1463 847 1520 111
863 1461 937 1523 idus
992 1468 1075 1528 tium
1095 1471 1206 1529 autem
1230 1467 1370 1530 fratrum
1391 1470 1531 1543 militiae,
1553 1472 1639 1548 quod
1660 1475 1710 1534 est
1728 1473 1786 1547 ibi,

141 1550 340 1626 decembris
356 1554 569 1629 pontificatus
598 1556 706 1617 nostri
728 1573 815 1618 anno
830 1557 936 1619 uude-
992 1565 1117 1626 eisdem
1131 1566 1290 1627 fratribus
1306 1567 1466 1645 perpetuo
1478 1572 1705 1632 conservetur.
1721 1565 1788 1647 Ipsi

140 1648 243 1710 cimo.
992 1678 1071 1724 vero
1084 1663 1251 1725 dimittant
1276 1664 1317 1725 ab
1333 1681 1400 1726 una
1423 1667 1517 1742 parte
1532 1668 1676 1742 spatium
1695 1683 1789 1729 com-

719 1746 735 1760 ”
992 1761 1108 1837 petens
1114 1762 1372 1838 propternaves,
1390 1779 1450 1824 nec
1471 1763 1597 1826 faciant
1615 1767 1789 1842 capturam

488 1830 593 1917 XXV
992 1858 1027 1918 iu
1057 1873 1198 1920 ascensu
1228 1861 1381 1936 piscium,
1410 1861 1467 1922 sed
1498 1863 1727 1924 tantummodo
1753 1864 1789 1924 in

219 1981 272 2040 Ad
282 1994 501 2041 communem
513 1982 665 2043 civitatis
679 1985 850 2058 Emeum
992 1955 1165 2017 descensu.
1179 1957 1273 2019 Ultra
1287 1960 1502 2020 Dunamvero
1514 1976 1532 2020 a
1544 1961 1703 2035 praedicto
1714 1961 1788 2023 loco

992 2055 1145 2116 Rumulae
1165 2055 1364 2130 procedatur
1386 2057 1546 2133 usquead
1565 2073 1697 2134 aquam,
1714 2075 1788 2136 quae

402 2113 434 2167 Η
448 2109 578 2170 deoemb·
596 2112 674 2170 ¹²²⁶·
993 2150 1116 2212 dicitur
1127 2153 1259 2224 Meisse,
1276 2155 1367 2215 recta
1389 2155 1490 2226 linea,
1507 2155 1594 2216 unde
1610 2155 1650 2215 ad
1664 2173 1789 2233 aquam

294 2233 399 2297 [punge
413 2233 595 2292 ululandum,
608 2235 628 2293 ¹»
641 2249 681 2294 m,
693 2250 720 2284 1¹·
731 2235 784 2300 93]
992 2249 1091 2310 citius
1105 2250 1308 2325 pervenitur,
1326 2251 1359 2312 et
1384 2251 1504 2312 deinde
1525 2253 1567 2313 ad
1591 2252 1712 2326 locum,
1729 2253 1787 2314 ubi

141 2348 177 2405 Ei
201 2320 410 2406 ordinationem
434 2349 590 2406 Willbelmi
615 2351 784 2408 Mutinensis
809 2350 938 2424 episcopi
992 2346 1115 2407 flumen
1133 2348 1388 2423 Semigallorum
1402 2351 1554 2425 jungitur
1566 2350 1608 2410 ad
1621 2350 1737 2419 nabat,
1754 2353 1788 2413 et

454 2438 614 2495 confirmat.
992 2444 1042 2504 sic
1069 2461 1129 2520 per
1154 2445 1299 2506 medium
1325 2447 1473 2506 fluminis
1497 2447 1656 2523 usquead
1677 2450 1790 2510 Dune-

180 2555 361 2626 Honorius‚
386 2555 462 2626 etc„
487 2555 616 2617 dilectis
643 2556 738 2628 filiis,
769 2554 936 2617 communi
992 2543 1227 2603 mundensium
1245 2543 1384 2603 fratrum
1402 2544 1563 2605 terminos
1579 2545 1787 2620 procedatur.

141 2626 290 2713 civitatis
305 2653 472 2728 Rigensis,
489 2652 715 2723 salutemetc.
992 2640 1040 2701 Ad
1057 2640 1129 2701 baec
1149 2642 1352 2702 memoratus
1380 2641 1510 2717 legatus
1539 2643 1622 2704 illud
1647 2643 1687 2705 de
1702 2659 1791 2720 prae-

179 2752 228 2810 Ea
241 2749 446 2826 quaeJudicio
456 2749 510 2809 vel
523 2749 701 2810 concordia
715 2750 938 2812 terminantur
992 2738 1080 2799 dicta
1094 2738 1253 2809 marchia,
1272 2737 1356 2815 (1¹10d
1375 2741 1426 2800 θὸῖ
1452 2741 1539 2801 infel
1552 2741 1657 2802 Bahat
1675 2745 1708 2802 θῑ
1722 2741 1790 2802 flu·

139 2846 240 2907 orma
262 2845 572 2907 uouentetnnuata
590 2847 884 2923 persisteremus
900 2849 937 2909 m
993 2851 1068 2896 men
1091 2837 1357 2912 semigauorum,
1380 2837 1412 2898 et
1434 2839 1546 2898 omnia
1567 2839 1721 2914 gramina
1740 2839 1791 2900 ri-

137 2943 299 3005 recidivae
323 2943 545 3005 contentionis
561 2945 755 3021 scrupulum
774 2945 935 3006 relaban-
991 2950 1109 3010 Pafum
1125 2935 1274 3012 ejusdem
1289 2934 1447 3002 flumini&
1469 2951 1543 3012 ¹111ae
1565 2951 1585 2996 a
1604 2936 1790 2998 venerabili

137 3043 207 3112 tur,
233 3041 389 3102 convenit
410 3041 600 3117 Apostolico
613 3041 770 3118 praesidio
783 3059 935 3103 commu..
992 3031 1095 3095 fratre
1112 3033 1225 3093 nostro
1242 3033 1396 3110 episcopo
1410 3033 1788 3109 Semigalliaeredemis-

139 3136 220 3199 niri.
249 3136 469 3211 Significastis
505 3137 668 3214 siquidem
699 3138 806 3208 nobis,
838 3140 935 3217 quod,
989 3131 1046 3203 us,
1064 3145 1126 3190 nec
1144 3146 1210 3191 non
1230 3130 1341 3190 omnia
1363 3131 1526 3207 gramina,
1547 3133 1713 3208 quaesunt
1732 3131 1787 3194 vel

139 3250 217 3295 cum
231 3233 391 3294 intervos
406 3248 450 3293 ex
474 3236 568 3310 parte
585 3250 652 3294 uua
665 3237 699 3296 et
710 3236 937 3297 venerabilem
991 3228 1122 3305 possint
1134 3244 1207 3289 esse
1217 3228 1252 3289 in
1268 3230 1385 3304 stagno
1394 3230 1583 3305 Rodenpois
1596 3230 1630 3289 in
1640 3230 1788 3291 citeriori

139 3329 279 3391 fratrem
292 3329 442 3391 nostrum
453 3331 657 3407 episcopum,
672 3333 888 3407 praepositum
904 3335 937 3396 et
991 3327 1066 3402 riba
1104 3330 1186 3403 idus,
1217 3342 1321 3403 usque
1356 3326 1398 3388 ad
1432 3327 1578 3387 rivulum
1616 3329 1783 3403 Pi⁰t0r832

140 3427 338 3502 magistrum
354 3426 482 3488 militiae
503 3427 625 3488 Christi
641 3428 796 3503 Rigensis
820 3444 863 3490 ex
886 3430 938 3491 al·
992 3424 1025 3483 et
1050 3424 1162 3484 omnia
1195 3423 1348 3497 gramina
1378 3423 1467 3483 01¹th
1491 3424 1523 3484 θῒ
1554 3424 1693 3495 inculta,
1712 3425 1788 3485 val-⁴·

140 3526 226 3595 tera,
243 3539 344 3600 super
358 3524 510 3585 terminis
529 3524 687 3585 marcbiae
701 3524 849 3587 civitatis
861 3542 938 3587 ves·
991 3521 1035 3579 lis
1053 3521 1159 3597 ipsius
1176 3520 1277 3581 rivuli
1299 3520 1340 3581 ad
1362 3535 1552 3581 communes
1565 3536 1645 3580 usus
1660 3522 1789 3581 tantum

140 3622 204 3683 trae
232 3636 345 3682 coram
368 3621 555 3683 venerabili
569 3622 672 3683 fratre
698 3623 813 3684 nostro
830 3623 937 3685 Muti·
992 3618 1127 3688 civium,
1160 3618 1412 3695 peregrinorum
1436 3620 1470 3681 et
1493 3619 1728 3691 mercatorum,
1757 3619 1790 3681 et

143 3719 243 3779 nansi
264 3718 431 3795 episcopo,
461 3719 662 3795 Apostolicae
690 3720 786 3781 Sedis
814 3720 935 3797 legato,
991 3732 1059 3777 non
1071 3716 1229 3792 episcopi,
1246 3715 1416 3792 praepositi
1427 3714 1481 3775 vel
1496 3714 1647 3790 magistri
1663 3716 1790 3793 specia-

140 3816 281 3892 quaestio
295 3818 492 3889 verteretur,
500 3833 559 3878 vos
568 3820 601 3879 et
617 3834 696 3894 pars
711 3818 819 3879 altera
829 3819 936 3896 ipsius
992 3813 1069 3875 liter
1082 3813 1278 3883 reservavit,
1305 3812 1477 3889 adjiciens,
1493 3814 1529 3873 ut
1554 3812 1694 3888 piscatio
1715 3815 1787 3874 Ro-

140 3912 244 3987 legati
256 3929 316 3973 vos
331 3913 471 3975 arbitrio
493 3915 719 3986 commisistis,
736 3917 935 3992 promitten-
992 3910 1130 3987 denpois
1155 3910 1339 3973 communis
1360 3910 1404 3971 sit
1429 3909 1592 3981 omnibus,
1616 3910 1790 3985 gurgustio

139 4010 193 4069 tes
208 4009 249 4069 ad
277 4008 432 4081 invicem,
450 4010 548 4085 quod,
572 4012 729 4088 quicquid
750 4029 851 4089 super
874 4014 937 4075 boc
992 4010 1131 4071 fratrum
1146 4009 1250 4069 salvo.
1267 4009 1349 4069 Tota
1360 4022 1439 4069 vero
1462 4008 1529 4067 alia
1551 4007 1700 4068 marchia
1718 4024 1791 4069 oru-

142 4104 357 4165 ordinaretur
371 4104 412 4164 ab
433 4105 517 4181 ipso,
530 4108 639 4165 ratum
653 4107 731 4167 binc
755 4108 833 4169 inde
855 4127 937 4186 per·
992 4107 1089 4167 nibus
1100 4109 1167 4168 tarn
1182 4104 1325 4173 clericis,
1342 4120 1439 4180 quam
1456 4104 1552 4164 laicis
1567 4104 1601 4163 in
1627 4106 1789 4180 piscatio-

141 4203 242 4278 petuo
265 4197 455 4273 baberetur,
484 4203 582 4277 prout
610 4202 729 4264 litterae
752 4210 872 4266 vestrae
905 4210 938 4270 et
992 4203 1100 4275 nibus,
1118 4203 1262 4279 pascuis,
1281 4200 1571 4275 ligniscasdeudis‚
1595 4202 1717 4277 argilla
1739 4202 1791 4263 fo-

140 4299 249 4375 partis
273 4298 412 4360 alterius
439 4299 561 4374 sigillis
596 4299 732 4362 munitae
760 4302 935 4363 testantur.
992 4298 1437 4371 dienda,lateribusetcalce
1448 4298 1639 4374 coquendis,
1652 4299 1788 4361 fornace

141 4395 326 4457 Praedictus
341 4412 420 4458 vero
436 4397 565 4473 legatus
585 4414 710 4470 rerum,
728 4398 877 4459 locorum
905 4401 938 4462 et
993 4398 1127 4474 propter
1140 4397 1212 4456 baec
1227 4394 1391 4467 habenda,
1407 4396 1440 4456 et
1454 4410 1504 4467 ea,
1515 4396 1674 4472 quaesunt
1688 4396 1786 4457 tectis

140 4509 361 4571 personarum
384 4494 601 4569 qualitatibus
627 4496 876 4573 circumspectis
904 4498 938 4559 et
992 4493 1194 4566 necessaria,
1212 4494 1259 4554 ita
1274 4494 1396 4565 tamen,
1418 4494 1505 4569 quod
1521 4492 1595 4569 post
1616 4494 1688 4553 baec
1712 4492 1787 4555 loca

142 4590 543 4667 deliberationediligenti
549 4593 744 4669 praehabita,
757 4585 934 4667 ordinavit,
992 4592 1385 4669 hujusmodiremaneant
1397 4591 1432 4650 in
1446 4590 1631 4665 communi;
1648 4605 1788 4651 necnon

141 4687 181 4748 ut
192 4688 342 4749 marcbia
358 4689 503 4749 civitatis
523 4690 678 4766 Rigeusis
703 4692 787 4753 citra
807 4694 937 4753 Dunaru
992 4692 1027 4752 in
1041 4689 1248 4767 graminibus
1264 4688 1459 4779 colligendis
1479 4687 1520 4749 ad
1538 4687 1686 4758 barbam,
1704 4690 1737 4749 et
1751 4688 1787 4748 in

140 4784 284 4861 incipiat
298 4800 317 4844 a
331 4785 476 4847 Ilumula
492 4786 527 4845 iu
543 4787 666 4861 angulo
691 4788 831 4865 lapideae
854 4790 936 4866 ripae
991 4789 1156 4850 fodiendis
1172 4777 1330 4849 alveariis
1343 4801 1443 4862 apum
1452 4786 1492 4845 de
1503 4785 1614 4859 lignis,
1623 4800 1695 4860 quae
1708 4786 1788 4847 sunt

141 4880 302 4955 fluminis,
311 4881 367 4942 ubi
379 4883 454 4960 ripa
466 4883 584 4960 incipit
597 4884 697 4945 altius
713 4886 937 4947 conscendere
991 4887 1026 4947 in
1042 4887 1189 4962 myricis,
1215 4886 1247 4946 et
1270 4885 1310 4946 ad
1341 4898 1471 4944 omnem
1492 4881 1669 4943 utilitatem
1684 4882 1787 4944 aliam

139 4979 260 5040 relicto
287 4980 441 5055 superius
469 4982 584 5055 prat03
613 4982 646 5041 et
674 4981 715 5043 de
739 4983 799 5043 illo
814 4984 936 5059 angulo
992 4986 1036 5046 sit
1050 4984 1246 5045 communis.
1261 4979 1630 5057 Idemquoquelegatus
1646 4994 1696 5052 ea,
1713 4996 1787 5057 quae

139 5076 344 5153 procedatur
385 5079 501 5138 contra
546 5080 700 5154 stagnum
744 5080 936 5157 Rodenpois
992 5082 1071 5142 sunt
1085 5082 1216 5142 cultain
1228 5076 1456 5156 ipsamarcbia
1468 5076 1539 5136 sive
1552 5075 1697 5152 inagris,
1715 5078 1786 5141 sive

139 5175 235 5234 recta
283 5172 372 5234 linea
399 5190 504 5251 usque
528 5175 569 5235 ad
594 5179 727 5252 pontem
751 5178 863 5251 rivuli,
880 5180 938 5255 qui
992 5180 1027 5239 iu
1041 5179 1147 5255 pratis
1160 5194 1219 5239 seu
1231 5178 1266 5238 iu
1280 5174 1465 5242 arboribus,
1482 5188 1544 5234 uec
1559 5189 1626 5235 non
1650 5176 1784 5236 molen-

140 5272 299 5347 Pictorga
322 5272 509 5348 vulgariter
526 5277 756 5351 nuncupatum
783 5276 823 5336 de
839 5278 937 5352 ponte
992 5276 1070 5337 dina
1086 5292 1161 5337 cum
1174 5274 1303 5346 rivulis,
1325 5270 1501 5348 exquibus
1517 5271 1655 5345 molunt,
1672 5275 1706 5333 et
1726 5287 1786 5333 ve·

139 5384 221 5430 vero
246 5369 336 5429 recta
363 5369 562 5445 procedatur
588 5370 678 5431 linea
708 5389 813 5449 usque
835 5389 937 5450 prope
991 5374 1064 5436 tera
1077 5373 1252 5449 gurgustia
1273 5369 1425 5431 omnibus
1440 5369 1508 5430 tam
1529 5369 1671 5440 clericis,
1689 5384 1786 5445 quam

140 5466 242 5542 caput
275 5466 385 5541 stagni
411 5466 452 5526 ad
481 5467 601 5539 locum,
628 5468 685 5529 ubi
711 5468 834 5531 dicitur
858 5470 938 5530 Liu-
992 5470 1088 5532 laicis
1121 5466 1454 5529 Dunemundensibus
1492 5464 1663 5535 fratribus
1701 5464 1789 5527 sicut

140 5578 220 5639 gua,
242 5563 295 5624 cui
324 5563 455 5640 adjacet
489 5566 643 5641 stagnum
669 5565 710 5627 ab
738 5582 804 5628 una
828 5569 934 5643 parte,
991 5566 1172 5645 possident,
1212 5566 1345 5641 integra
1370 5576 1573 5626 conservans
1599 5560 1633 5621 et
1668 5559 1785 5636 libera,

141 5675 183 5721 ac
207 5659 247 5720 ab
270 5660 387 5731 altera,
413 5676 486 5739 quae
508 5662 629 5724 dicitur
651 5664 807 5740 Kiliguis,
835 5666 868 5726 et
889 5663 936 5727 sic
992 5664 1118 5735 statuit,
1145 5664 1180 5725 ut
1205 5678 1291 5725 nova
1312 5661 1486 5739 gurgustia
1513 5660 1571 5719 aut
1596 5657 1787 5722 molendina
