4217 6400
331 321 368 382 51
945 278 1360 388 11010111110111111.
1932 332 1979 392 aa
2089 316 2090 411 ξ

328 480 507 544 conventui
523 480 636 544 Sancti
651 482 806 542 Germani
829 480 870 543 de
892 481 1002 544 Pratis
1027 483 1125 544 Pari-
1178 483 1372 561 praebendas
1383 483 1516 546 easdem
1526 485 1568 548 ad
1581 485 1704 548 dictum
1719 486 1976 560 monasterium,

328 579 460 650 siensis,
487 579 638 650 salutem,
661 580 723 640 etc.
1178 580 1308 643 sublato
1330 583 1510 659 cujuslibet
1523 583 1797 645 contradictionis
1810 585 1979 662 stappal-

367 679 418 736 Ex
441 677 659 752 partavestra
686 675 750 738 luit
779 677 983 754 propositum
1011 692 1124 738 coram
1178 678 1313 740 latIonis
1333 681 1514 752 obstaculo,
1535 681 1709 752 revocetis,
1738 683 1923 756 praesertim
1944 685 1979 743 si

329 773 436 844 nobis,
460 773 695 850 quodquidam
719 774 962 852 archiepiscopi
986 775 1019 836 et
1040 775 1124 851 epis·
1178 778 1340 838 noveritis
1355 793 1399 838 ex
1412 779 1476 838 boc
1486 779 1724 840 monasterium
1739 779 1887 854 graviter
1899 796 1979 840 esse

327 871 412 947 copi,
436 872 468 932 et
496 871 553 930 alii
582 871 799 932 ecclesiarum
825 873 966 949 praelati,
1004 872 1124 948 quibus
1178 872 1305 934 laesum.
1335 875 1613 943 contradictores,
1636 876 1698 936 etc.
1728 876 1820 946 Quod
1849 877 1879 936 si
1907 893 1978 938 non

328 967 488 1028 incumbit
513 968 680 1043 prioratus
707 969 835 1030 vestros
863 970 994 1031 ratione
1018 985 1122 1046 paro·
1178 987 1304 1043 omnes,
1318 973 1381 1033 etc.
1398 973 1517 1033 Datum
1532 972 1700 1043 Laterani,
1716 975 1745 1033 11
1760 972 1837 1034 idus
1848 974 1976 1044 martii,

328 1065 412 1126 chiae
426 1065 576 1137 visitare,
598 1066 886 1142 procurationibus
911 1083 993 1144 quas
1017 1067 1124 1128 ineis

328 1162 494 1237 recipiunt
519 1177 586 1224 non
612 1164 765 1232 contenti,
780 1165 948 1240 grangias,
975 1164 1009 1225 et
1038 1164 1124 1225 alias

329 1257 444 1320 domos
456 1262 586 1320 vestras
602 1261 637 1319 in
650 1259 769 1336 quibus
780 1277 846 1322 non
862 1263 938 1323 sunt
952 1261 1126 1338 parochia·

329 1355 378 1416 les
389 1355 538 1418 ecclesiae
553 1357 691 1418 ulsitare
704 1357 918 1430 contendunt,
932 1360 969 1421 ut
991 1359 1039 1420 sic
1052 1375 1126 1435 pro·

329 1453 519 1514 curationes
549 1453 769 1532 extorqueant
794 1457 835 1516 ab
874 1456 1011 1517 eisdem.
1044 1457 1124 1515 Cum

329 1565 409 1625 ergo
436 1551 627 1612 visitatione
669 1568 747 1612 non·
775 1554 896 1628 egeant
933 1552 1124 1630 hujusmodi

329 1648 691 1724 grangiaesivedomus,
703 1650 900 1712 auctoritate
911 1651 1124 1726 praesentium

330 1745 478 1806 districte
493 1745 692 1818 inhibemus,
717 1763 758 1808 ne
779 1747 852 1823 quis
867 1748 908 1808 ab
921 1748 989 1808 illis
1005 1764 1126 1824 procu-

328 1843 476 1904 rationes
491 1843 636 1918 euigere,
653 1844 705 1904 vel
717 1846 915 1921 extorquere
932 1847 1123 1920 prasumat.

328 1941 421 2002 Nulli
436 1955 526 2015 ergo,
545 1943 618 2012 etc,
635 1941 722 2002 bano
743 1942 898 2017 paginam
918 1944 1043 2004 nostra
1071 1944 1125 2003 in-

329 2036 502 2098 hibitionis
530 2037 722 2113 infringere.
752 2040 787 2100 Si
814 2039 888 2116 quis
910 2041 1032 2112 autem,
1060 2040 1123 2101 etc.

328 2136 448 2196 Datum
460 2135 628 2208 Laterani,
644 2138 674 2195 ll
692 2136 768 2196 idus
795 2137 919 2209 martii,
951 2153 1039 2199 anno
1065 2138 1126 2199 de-

328 2247 425 2294 crmc.

668 2439 787 2525 CXVI

329 2589 549 2650 Adobbotcm
572 2590 607 2650 S.
632 2592 780 2650 blurtiut
804 2592 844 2650 dc
870 2592 1038 2660 0011101111,
1065 2604 1126 2650 or-

369 2688 604 2747 cbidiocoruon
636 2690 783 2758 alcioris
812 2687 1123 2757 0001011111011111-

368 2786 804 2854 0110010111,οα101110111118.
829 2787 963 2846 Nicolai
985 2786 1126 2844 Artabio-

370 2883 498 2940 11011011.

609 2957 642 3013 11
657 2957 751 3013 martii
765 2957 844 3013 1226.

377 3079 495 3143 [Regest.,
508 3079 553 3128 lib.
566 3080 597 3136 X,
612 3094 650 3142 ep.
662 3081 716 3128 iol.
730 3083 787 3130 llus.
799 3081 834 3128 La
845 3081 920 3128 Porta
938 3080 972 3129 du
987 3079 1081 3144 Theti]

309 3171 312 3176 Ι
329 3204 445 3263 Mandat
466 3205 508 3260 eis
528 3212 559 3261 ut
585 3204 753 3276 praebendas
768 3204 906 3277 quasdam
922 3220 994 3277 quas
1009 3204 1126 3263 abbates

365 3294 461 3350 Sancti
471 3293 587 3353 vedasti
602 3294 692 3363 laicis,
714 3296 742 3351 in
758 3293 953 3367 prejudicium
970 3294 1125 3351 monacho·

364 3396 427 3439 rurn
442 3390 654 3451 concesserant,
671 3382 706 3439 ad
728 3383 933 3441 monasterium
956 3382 1023 3441 illud
1039 3397 1122 3440 revo-

364 3478 439 3529 cent.

367 3597 546 3670 Honorius,
573 3597 649 3665 etc,
692 3598 823 3659 dilectis
861 3598 977 3659 liliis...
1012 3597 1121 3659 abbat'

331 3693 442 3755 Sancti
458 3694 595 3755 Martini
619 3694 659 3755 de
675 3694 868 3755 Gemellis..
886 3692 1124 3754 archidiacono

328 3791 466 3866 majoris
495 3791 658 3859 ecclesiae,
697 3792 730 3853 et
763 3790 931 3862 Michaeli,
963 3790 1124 3851 canonIco

329 3887 445 3947 Sancti
473 3888 605 3947 Nicolai
630 3887 875 3960 ambianensis,
914 3887 1054 3948 salutem
1090 3888 1123 3948 et

329 3984 554 4059 Apostolicam
567 3982 841 4044 benedictionem.

367 4082 418 4142 Ex
432 4080 706 4141 insinuatione...
732 4080 871 4149 abbatis,
889 4079 922 4140 et
943 4083 1125 4140 conventus

327 4178 524 4239 monasterii
538 4176 650 4238 Sancti
665 4176 800 4238 vedasti
821 4175 1048 4237 atrebatensis
1063 4192 1124 4237 ac-

328 4274 487 4350 cepimus,
508 4275 595 4351 quod
619 4274 752 4351 quidam
778 4274 924 4343 abbates,
946 4275 1001 4350 qui
1018 4273 1124 4340 eidem

327 4372 531 4432 monasterio
558 4386 617 4447 pro
641 4373 788 4447 tempore
810 4371 1025 4447 praefuerunt,
1046 4373 1125 4448 qui-

326 4468 464 4529 busdam
480 4469 576 4529 laicis
598 4483 665 4528 non
689 4468 910 4542 regularibus,
928 4484 989 4528 100
1005 4468 1124 4530 oblatis

329 4565 523 4641 praebendas
537 4564 774 4625 concesserunt
785 4565 820 4623 in
831 4564 903 4641 ipso
918 4567 1123 4627 monasterio

327 4662 552 4732 monachales,
575 4678 617 4722 ex
643 4676 706 4737 quo
739 4661 932 4737 praedictum
955 4666 1125 4724 monaste-

325 4760 413 4821 rium
439 4759 620 4820 enormiter
646 4757 696 4819 est
728 4758 913 4833 gravatum,
942 4776 1017 4821 cum
1043 4762 1124 4822 dicti

326 4856 405 4917 laici
416 4872 492 4918 cum
505 4855 675 4927 uxoribus
695 4857 727 4918 et
741 4856 819 4915 liliis
835 4856 870 4916 in
885 4856 1036 4919 domibus
1051 4873 1125 4934 pro-

326 4954 409 5030 priis
422 4951 617 5030 praebendas
630 4955 828 5014 consumant
840 4954 985 5026 easdem,
1000 4970 1043 5015 011
1056 4956 1125 5031 qui·

326 5050 388 5111 bus
426 5049 561 5126 possent
598 5050 710 5127 plures
745 5051 900 5112 monachi
930 5054 1120 5113 sustentari.

326 5147 420 5209 Unde
435 5147 590 5223 petebant
604 5150 638 5208 ut
651 5165 707 5209 eas
723 5150 875 5210 revocari
892 5150 934 5209 ad
950 5152 1122 5211 monaste-

326 5246 414 5306 m'um
428 5245 672 5307 mandaremus.
699 5247 783 5319 Quia
811 5262 891 5307 vcro
916 5247 1123 5321 regularium

327 5343 499 5402 domorum
527 5343 709 5420 dispendiis
746 5344 903 5405 debemus
930 5359 1120 5416 occurrere,

328 5440 415 5500 sicut
436 5441 469 5500 et
495 5441 693 5502 utilitatibus
717 5442 904 5519 providere,
928 5440 1123 5502 dIscretioni

325 5538 445 5599 restrae
469 5554 529 5613 per
551 5540 742 5615 Apostolica
767 5539 891 5615 scripta
915 5537 1122 5607 mandamus,

327 5635 500 5712 quatenus,
515 5636 544 5697 si
559 5637 653 5699 robis
673 5636 860 5699 constiterit
874 5636 914 5698 de
928 5636 1122 5713 praemissis,

1179 1083 1266 1130 anno
1282 1069 1421 1130 decimo.

1506 1239 1648 1324 cxvii

1237 1387 1289 1447 Ad
1308 1387 1515 1447 abbatemet
1537 1387 1742 1447 0010011111
1758 1389 1792 1448 S.
1815 1388 1916 1449 Petri

1474 1495 1678 1553 Garrdcuais.

1456 1623 1490 1679 16
1509 1623 1697 1680 1111111216.

1180 1744 1833 1808 [100110101111111111011100101111).(1081110110.
1844 1746 1978 1811 1111811]

1214 1871 1264 1927 Eis
1279 1870 1416 1928 ecclesias
1430 1870 1466 1928 de
1476 1871 1674 1943 Estgrenewiz
1684 1877 1711 1927 et
1724 1869 1760 1926 de
1770 1871 1941 1928 Lievesbam

1499 1959 1659 2017 consumat.

1219 2077 1385 2136 Honorius
1395 2077 1581 2153 episcopua,
1594 2093 1709 2137 servus
1720 2091 1891 2138 serrorum
1900 2079 1974 2148 Dei,

1179 2172 1310 2233 dilectis
1325 2173 1404 2233 filiis
1429 2171 1541 2234 abbati
1565 2174 1598 2233 et
1623 2173 1799 2236 conventui
1827 2175 1859 2233 S.
1878 2175 1971 2235 Petri

1180 2271 1376 2341 Gandensis
1392 2271 1531 2331 salutem
1541 2273 1604 2331 etc.

1220 2369 1299 2427 Cum
1312 2383 1334 2428 a
1348 2367 1445 2428 nobis
1471 2369 1595 2444 petitur
1618 2367 1704 2444 quod
1727 2368 1853 2443 iustum
1868 2370 1918 2430 est
1940 2371 1977 2431 et

1180 2465 1367 2536 honestum,
1381 2466 1449 2526 tam
1472 2466 1568 2540 nigor
1594 2465 1761 2542 aequitatis
1775 2482 1872 2542 quam
1892 2468 1976 2527 ordo

1181 2562 1286 2637 exigit
1298 2563 1451 2630 rationis,
1469 2563 1505 2623 ut
1529 2562 1561 2621 id
1575 2579 1635 2638 per
1650 2561 1908 2624 sollicitudinem
1921 2564 1976 2624 ol·

1128 2672 1136 2678 ·
1180 2657 1247 2718 ficii
1261 2660 1366 2720 nostri
1381 2659 1423 2720 ad
1438 2659 1584 2720 debitum
1599 2659 1799 2736 perducatur
1806 2660 1973 2721 effectum.

1180 2758 1372 2833 Eapropter,
1401 2757 1514 2818 dilecti
1544 2758 1580 2817 in
1605 2757 1746 2818 Domino
1761 2757 1833 2828 tilii,
1850 2758 1973 2819 vestris

1175 2854 1277 2929 justis
1289 2852 1443 2930 precibus
1462 2853 1626 2924 inclinati,
1641 2855 1682 2914 de
1696 2855 1920 2929 Estgranctuz
1939 2859 1974 2914 et

1180 2947 1221 3010 de
1250 2951 1447 3011 Lievesbam
1464 2951 1635 3022 ecclesiae,
1650 2967 1669 3012 a
1685 2951 1780 3012 bonae
1802 2952 1973 3012 memoria

1181 3047 1335 3123 episcopo
1368 3047 1529 3119 Roffensi,
1559 3048 1696 3123 capituli
1724 3049 1774 3109 sui
1796 3049 1974 3109 accedente

1179 3159 1356 3217 consensu,
1368 3147 1571 3207 monasterio
1584 3148 1694 3208 vestro
1705 3147 1760 3223 pia
1773 3147 1974 3208 liberalitate

1180 3243 1331 3314 collatas,
1347 3239 1433 3304 sicut
1453 3259 1512 3304 eas
1526 3245 1627 3319 juste,
1651 3246 1812 3307 canonice
1826 3261 1867 3304 ac
1881 3246 1976 3321 paci-

1180 3341 1242 3400 dce
1267 3341 1453 3416 possidetis
1468 3342 1501 3402 et
1526 3342 1561 3401 in
1581 3342 1700 3403 litteris
1723 3342 1799 3402 inde
1814 3342 1974 3402 coniectis

1180 3438 1311 3513 plenius
1333 3439 1498 3499 contineri
1525 3439 1656 3508 dicitnr,
1673 3437 1766 3498 robis
1779 3439 1812 3498 et
1823 3453 1884 3513 per
1899 3454 1971 3509 voa,

1180 3535 1286 3596 eidem
1323 3536 1526 3596 monasterio
1556 3536 1752 3597 auctoritate
1781 3536 1975 3609 Apostolica

1180 3634 1425 3704 confirmamus,
1436 3634 1469 3694 et
1476 3634 1649 3708 praesentis
1659 3633 1774 3709 scripti
1787 3633 1974 3709 patrocinio

1180 3730 1433 3791 communimus.
1450 3731 1543 3790 Nulli
1558 3746 1637 3806 ergo
1648 3730 1782 3791 omnino
1797 3730 1971 3790 hominurn

1180 3827 1280 3888 liceat
1292 3827 1379 3887 banc
1403 3828 1558 3905 paginam
1572 3829 1693 3889 nostrae
1708 3826 1971 3888 confirmationis

1179 3924 1374 4000 infringere,
1391 3925 1444 3985 vel
1456 3926 1487 3985 ei
1500 3940 1586 3985 ausu
1598 3924 1777 3984 temerario
1789 3924 1964 3985 contraire.

1181 4022 1216 4083 Si
1237 4023 1310 4099 quis
1325 4023 1436 4083 autem
1449 4022 1512 4081 hoo
1531 4021 1696 4082 attentare
1711 4020 1970 4097 praesumpserit,

1180 4118 1442 4195 indignationem
1471 4118 1705 4196 omnipotentis
1725 4120 1785 4179 Dei
1806 4117 1975 4179 01110010-

1179 4232 1253 4277 rum
1280 4218 1370 4278 Petri
1385 4217 1418 4277 et
1431 4217 1527 4277 Pauli
1536 4216 1762 4292 apostolorum
1778 4219 1849 4292 ejus
1861 4232 1897 4275 se
1913 4230 1975 4275 no-

1179 4314 1265 4375 verit
1274 4314 1494 4375 Incursurum.
1507 4315 1624 4373 Datum
1632 4312 1896 4384 Laterani,XVll
1903 4310 1972 4371 kal.

1180 4412 1308 4489 aprilis,
1326 4410 1536 4486 pontificatus
1549 4408 1653 4470 nostri
1668 4426 1755 4471 anno
1769 4409 1908 4469 decimo.

1492 4631 1656 4716 CXVIII

1231 4783 1283 4841 Ad
1297 4780 1429 4855 fratrer
1443 4760 1723 4841 procreatorum
1738 4781 1772 4840 ct
1783 4780 1915 4853 fratres

1337 4880 1539 4939 1111010111
1559 4879 1808 4938 biurocbiooto.

1455 5007 1598 5064 1111111111
1614 4988 1693 5064 1111.

1313 5130 1464 5194 [bullarium
1478 5131 1633 5188 Romanum,
1650 5130 1693 5187 lll,
1706 5144 1725 5187 1,
1735 5144 1761 5179 n.
1771 5129 1838 5193 iii]

1179 5244 1291 5305 Ordinis
1306 5246 1539 5314 eradicaturum,
1555 5254 1584 5303 et
1607 5246 1702 5303 Sancti
1724 5242 1972 5303 Franciscilratri-

1214 5333 1351 5406 busapud
1361 5334 1490 5393 infideles
1508 5334 1690 5406 degentibus,
1706 5339 1737 5389 ut
1751 5332 1879 5391 babitum
1907 5348 1973 5390 mu-

1214 5430 1285 5490 tare,
1312 5420 1431 5477 barbam
1456 5430 1485 5477 et
1506 5436 1620 5477 comam
1635 5420 1752 5488 nutrire,
1782 5434 1816 5475 ac
1837 5422 1976 5490 pecunias

1214 5517 1336 5567 tractare
1350 5510 1475 5579 valcant,
1492 5509 1666 5580 indulgetur.

1220 5636 1388 5697 Honorius
1398 5635 1893 5712 episcopus,serrusservorum
1901 5635 1974 5707 Dei,
