4217 6400
233 382 238 392 ,
331 337 390 398 119

327 494 526 572 emptorium
553 494 778 572 praefigentes,
807 509 872 572 quo
900 509 962 570 per
987 509 1042 567 se,
1069 494 1124 556 vel

326 595 561 670 procuratores
585 593 722 654 idoneos
742 608 817 652 cum
833 591 985 652 omnibus
1006 592 1122 652 muni-

325 690 448 752 mentis
470 692 504 752 et
522 690 706 752 rationibus
726 691 797 751 suis
821 690 1037 766 compareant
1062 705 1122 749 co-

327 803 401 848 ram
424 787 532 859 nobis,
554 790 692 864 Justam,
717 789 853 849 auctore
877 789 956 858 Deo,
982 787 1122 848 senten-

325 885 409 945 tiam
420 886 614 961 recepturae.
633 885 724 956 Quod
741 886 770 944 31
795 900 862 946 303
874 899 989 944 030303
1003 884 1124 945 bisex-

328 982 505 1058 sequendis
526 981 690 1043 interesse
710 982 874 1057 poteritis,
893 981 959 1041 duo
975 982 1122 1042 vestrum

328 1094 368 1140 ea
382 1079 602 1140 nihilominus
626 1080 862 1156 exsequantur.
884 1079 1004 1140 Datum
1019 1078 1121 1140 Late-

325 1176 412 1249 rani,
429 1177 594 1238 ivnonas
609 1176 699 1253 julii,
723 1191 812 1238 anno
827 1175 967 1238 decimo.

638 1468 812 1555 CLXXII

328 1629 381 1687 Ad
400 1627 558 1687 abbatem
577 1628 696 1688 soracti
716 1629 883 1698 Audoent,
901 1629 1069 1688 decanum
1089 1627 1124 1687 et

364 1725 574 1800 magtrtrum
593 1727 820 1799 subruptum,
842 1726 1122 1785 crcltidtccoaam

367 1822 684 1896 ltotbomcpensem.

625 1959 719 2032 00303
740 1959 819 2018 rare.

946 333 1122 396 HONORII
1144 333 1198 394 111·
1211 333 1358 394 OPERA.

2094 173 2095 222 l

1915 339 1982 400 3.

1179 492 1262 565 3031,
1280 492 1315 555 13
1334 493 1606 567 contradictores,
1623 493 1657 556 01
1676 493 1819 558 rebelles
1833 513 1982 560 excom-

1180 591 1416 653 municationis
1432 591 1631 652 sententiam
1647 592 1858 669 proferendo.

1218 688 1331 748 Dictus
1350 689 1461 749 tamen
1478 687 1652 765 episcopus
1669 691 1839 766 sagiensis
1859 707 1982 754 eorum

1176 784 1340 846 sententia
1370 800 1489 861 parere
1519 788 1745 859 contemnens,
1771 788 1814 859 01,
1845 791 1981 851 3003313

1176 895 1277 941 03333
1292 881 1451 957 quosdam
1465 880 1529 943 sibi
1544 881 1585 942 ab
1610 883 1693 959 ipsis
1703 883 1875 959 judicibus
1889 902 1981 946 exe-

1177 978 1308 1039 cutores
1318 978 1490 1054 deputatos
1501 979 1684 1054 expellens,
1692 980 1981 1059 ad...episcopum

1177 1076 1429 1147 Lexoriensem,
1451 1076 1485 1137 et
1509 1076 1670 1152 collegam
1699 1093 1796 1138 suum
1812 1079 1980 1156 quasdam

1177 1172 1294 1234 contra
1307 1171 1414 1249 ipsum
1428 1172 1489 1234 sub
1502 1174 1593 1234 certa
1607 1173 1726 1246 forma,
1738 1175 1818 1237 11001
1829 1191 1891 1252 per
1902 1177 1980 1238 ueri

1177 1270 1445 1345 suppressionem
1462 1269 1495 1332 et
1512 1270 1589 1331 salsi
1604 1271 1864 1347 suggestionem,
1882 1273 1980 1335 litte-

1176 1381 1232 1426 ras
1258 1366 1459 1442 impetravit,
1476 1382 1589 1428 coram
1610 1368 1729 1444 qulbus
1751 1369 1830 1432 lieet
1853 1369 1979 1434 10013301

1176 1462 1372 1538 aliquandiu
1387 1479 1406 1524 a
1420 1463 1569 1540 partibus
1580 1463 1745 1540 litigatum
1759 1465 1802 1526 ad
1815 1465 1974 1528 ultimum

1175 1559 1287 1619 tamen
1302 1559 1390 1620 idem
1416 1561 1456 1620 Η.
1480 1560 1620 1622 00331110
1649 1560 1729 1622 dicti
1754 1561 1977 1624 Lexoviensis

1177 1655 1337 1732 episcopi,
1355 1657 1387 1718 01
1400 1655 1541 1717 aliorum
1556 1657 1739 1719 amicorum
1754 1657 1860 1734 ipsius
1879 1660 1977 1736 epis-

1176 1753 1251 1828 copi
1276 1752 1445 1828 sagiensis
1470 1753 1635 1825 induotus,
1661 1754 1695 1815 et
1719 1753 1858 1815 credens
1883 1757 1975 1833 quod

1176 1849 1310 1925 propter
1324 1849 1398 1922 hoc,
1411 1850 1497 1912 sicut
1511 1851 1542 1910 ei
1551 1849 1701 1922 dabatur,
1714 1850 1859 1926 intelligi
1872 1851 1978 1914 debe-

1175 1947 1227 2007 ret
1240 1947 1304 2008 sibi
1319 1962 1399 2007 suus
1420 1946 1553 2008 restitui
1569 1947 1746 2024 prioratus,
1763 1964 1799 2008 se
1820 1951 1975 2024 praestito

369 2089 489 2154 [aegest.
500 2089 546 2139 ub.
557 2089 674 2154 x‚epist.
684 2089 740 2140 Μ
751 2091 808 2140 uss.
819 2091 856 2141 ua
868 2090 1089 2158 norisianas]
1171 2045 1373 2121 puramente,
1388 2059 1454 2105 nou
1469 2045 1580 2106 tamen
1590 2043 1739 2106 adbibita
1758 2044 1973 2108 solemnitate

323 2224 379 2280 liat
392 2223 435 2280 eis
445 2224 623 2298 provinciam
639 2222 773 2281 audiendi
785 2223 821 2280 de
830 2239 905 2281 novo
919 2238 1122 2296 causamque

358 2311 432 2367 inter
447 2311 614 2383 episcopum
627 2313 796 2383 sagiensem
812 2311 847 2368 ab
860 2327 928 2380 una,
941 2320 970 2369 et
984 2315 1032 2382 Η,
1043 2314 1119 2384 prio·

357 2413 419 2454 rem
435 2399 616 2472 sagiensem,
636 2398 671 2455 ab
691 2400 779 2456 311003
795 2407 884 2472 perte,
904 2400 1076 2471 vertebatur,
1093 2409 1122 2459 et

358 2485 434 2558 quod
448 2486 618 2543 canonicum
634 2487 727 2543 visum
744 2486 826 2544 130011
839 2488 1052 2560 pronuntiandi.

363 2630 532 2691 Honorius
542 2631 727 2707 episcopus,
738 2647 855 2693 servus
865 2647 1038 2693 servorum
1046 2633 1117 2706 Dei,

325 2726 455 2788 dilectis
488 2727 606 2787 111113...
642 2727 753 2790 abbati
787 2730 902 2791 sancti
928 2731 1119 2792 Audoeni...

324 2823 451 2884 decano
475 2824 509 2885 et
524 2825 682 2900 magistro
709 2825 861 2898 Rodulio‚
883 2827 1120 2889 archidiacono

325 2921 596 2996 Rothomagensi,
613 2921 755 2982 salutem
770 2923 803 2985 et
817 2915 1041 2999 Apostolicam
1055 2924 1118 2985 be·

323 3017 557 3078 nedictionem.

364 3114 559 3174 constitutis
577 3113 664 3189 apud
681 3115 798 3176 sedem
822 3117 1047 3191 Apostolicam
1063 3118 1118 3178 di·

326 3209 423 3272 lectis
439 3212 518 3270 tiliis
538 3213 592 3282 Η.,
613 3212 669 3287 qui
692 3226 753 3287 pro
768 3213 921 3287 sagiensi
947 3214 1060 3291 priore
1084 3231 1119 3275 30

322 3308 420 3383 gerit,
447 3307 516 3369 01...
542 3309 752 3384 procuratori
777 3309 980 3371 venerabilis
1004 3311 1118 3373 fratris

321 3404 467 3466 nostri...
490 3404 636 3481 episcopi
652 3406 822 3482 sagiensis
839 3408 996 3469 dilectum
1011 3409 1117 3471 illium

322 3501 519 3577 magistrum
539 3502 736 3576 Rolandum,
753 3504 993 3567 subdiaconum
1010 3505 1043 3567 et
1058 3523 1118 3567 ca-

323 3599 494 3675 pellanum
507 3602 667 3673 nostrum,
682 3603 908 3663 concessimus
919 3604 1115 3676 auditorem,

322 3712 435 3758 coram
448 3715 513 3774 quo
529 3698 616 3759 idem
631 3700 671 3759 Η.
686 3700 859 3776 proposuit
871 3702 1115 3777 conquerendo,

321 3794 407 3872 quod
421 3811 496 3855 cum
511 3796 590 3855 olim
604 3796 719 3857 contra
731 3798 841 3871 ipsum
855 3798 1047 3874 episcopum
1060 3814 1118 3859 su-

321 3907 382 3968 per
408 3892 604 3966 quibusdam
633 3892 784 3953 articulis
819 3893 861 3953 ad
891 3893 1117 3955 venerabilem

321 3986 462 4047 10310003
494 3988 681 4049 30310303...
710 3989 995 4051 constantiensem
1023 3992 1117 4068 epis-

322 4100 453 4160 copum,
469 4102 613 4163 suosque
627 4086 772 4163 collegas
786 4087 827 4147 de
839 4102 980 4148 assensu
993 4105 1117 4165 procu-

321 4183 444 4243 ratoris
458 4187 487 4259 ej
493 4184 607 4245 usdem
617 4185 764 4262 episcopi
780 4183 950 4260 sagiensis
958 4187 1117 4262 quasdam

321 4279 449 4341 anobis
460 4281 588 4342 litteras
601 4282 821 4359 impetrasset,
838 4282 926 4343 idem
943 4284 1115 4360 sagiensis

1176 2141 1442 2216 Evangeliorum,
1457 2141 1515 2202 sed
1530 2143 1578 2202 sic
1592 2144 1680 2203 Deus
1702 2143 1810 2218 ipsum
1828 2143 1972 2220 adjura-

1175 2240 1237 2306 ret,
1254 2238 1407 2299 submisit
1421 2238 1559 2300 arbitrio
1575 2239 1653 2300 dicti
1666 2239 1813 2317 episcopi
1829 2240 1977 2315 sagien-

1176 2335 1222 2394 sis
1237 2335 1405 2412 tamquam
1420 2349 1515 2412 aequo
1539 2335 1678 2396 arbitrio
1706 2336 1785 2398 boni
1811 2337 1889 2406 viri,
1913 2337 1974 2414 qui

1175 2447 1250 2492 cum
1276 2431 1409 2494 deberet
1436 2433 1558 2494 bonum
1585 2435 1618 2494 et
1640 2449 1772 2510 aequum
1793 2433 1974 2496 arbitrium

1175 2528 1396 2605 promulgare,
1414 2545 1452 2590 30
1467 2529 1576 2606 ipsum
1592 2531 1769 2591 restituere
1784 2531 1825 2590 ad
1837 2532 1975 2606 priora·
2002 2599 2007 2608 .

1174 2628 1244 2686 tum
1259 2642 1366 2699 suum,
1386 2625 1471 2688 sicut
1492 2625 1601 2688 1000031
1615 2626 1807 2700 indicatum,
1834 2629 1867 2688 01
1881 2628 1970 2689 sicut

1174 2725 1366 2801 priusquam
1382 2739 1443 2784 suo
1461 2722 1600 2784 arbitrio
1615 2723 1822 2786 submitteret
1835 2724 1969 2802 publice

1174 2820 1355 2893 dicebatur,
1386 2821 1494 2898 ipsum
1521 2820 1561 2881 de
1591 2820 1695 2892 facto,
1722 2837 1796 2882 cum
1823 2821 1969 2898 dejure

1174 2933 1241 2979 non
1259 2919 1380 2994 posset,
1398 2918 1548 2993 prioratu
1577 2917 1611 2979 et
1639 2933 1722 2979 0000
1751 2918 1887 2996 capituli
1915 2919 1971 2980 sui

1172 3014 1310 3090 privans
1325 3013 1390 3074 sibi
1405 3014 1556 3075 ecclesiae
1580 3030 1621 3076 ac
1637 3014 1783 3077 civitatis
1800 3015 1970 3090 sagiensis

1173 3111 1347 3178 interdixit
1359 3111 1557 3186 ingressum.

1213 3207 1305 3279 Quod
1317 3208 1469 3284 iniquum
1484 3208 1671 3282 arbitrium,
1689 3225 1763 3271 cum
1778 3210 1867 3271 idem
1878 3211 1968 3287 epis·

1173 3320 1275 3381 copus
1289 3305 1460 3368 humiliter
1470 3307 1650 3383 requisitus
1663 3308 1829 3369 noluisset
1843 3309 1968 3386 aliqua·

1173 3404 1270 3463 tenus
1285 3418 1456 3477 revocare,
1471 3404 1527 3464 sed
1540 3404 1659 3464 luisset
1673 3405 1704 3465 31
1720 3404 1804 3465 31133
1818 3406 1968 3481 graviter

1172 3502 1402 3573 comminatus,
1424 3502 1512 3562 idem
1533 3502 1575 3565 ad
1601 3502 1718 3563 sedem
1745 3503 1967 3587 apostolicam

1172 3598 1363 3674 appellavit.
1382 3598 1616 3675 Undepetebat
1631 3600 1668 3660 ut
1677 3601 1744 3661 tam
1756 3600 1871 3677 iniquo
1883 3599 1968 3662 arbi-

1171 3696 1236 3758 trio
1257 3696 1389 3773 penitus
1418 3699 1584 3769 03000310,
1612 3698 1665 3759 vel
1692 3698 1787 3760 irrito
1814 3700 1965 3761 nuntiato

1173 3793 1373 3853 sententiam
1396 3793 1476 3855 dicti
1505 3794 1623 3856 decani
1647 3796 1918 3869 Cenomanensis,
1935 3797 1967 3858 et

1172 3890 1383 3966 conjudicum
1403 3906 1539 3952 suorum
1554 3891 1740 3953 1300000333
1755 3892 1896 3954 tirmiter
1907 3893 1966 3955 ob-

1172 3988 1310 4059 servari,
1328 3990 1361 4050 et
1374 3990 1484 4050 amoto
1500 3988 1540 4050 de
1559 3990 1710 4067 prioratu
1736 4006 1797 4050 suo
1820 3990 1966 4066 quolibet

1172 4082 1352 4160 detentore,
1374 4085 1559 4148 1300000333
1587 4104 1660 4149 0303
1677 4086 1810 4147 effectui
1839 4087 1967 4149 manci-

1172 4182 1256 4259 pari,
1273 4184 1532 4246 condemnantes
1559 4183 1623 4244 sibi
1636 4184 1759 4246 dictum
1774 4184 1965 4261 episcopum

1173 4280 1214 4339 ad
1236 4281 1487 4343 resarciendum
1501 4281 1564 4342 sibi
1580 4296 1744 4358 expensas
1773 4284 1807 4343 et
1830 4282 1963 4354 damna,

322 4394 472 4439 eumnec
484 4378 682 4451 convictum,
701 4396 762 4440 nec
776 4380 1018 4453 0031033330,οῑ
1031 4382 1117 4443 31133
1171 4392 1244 4453 quae
1263 4377 1453 4439 incurrerat
1467 4378 1530 4438 bac
1553 4378 1593 4438 de
1621 4394 1735 4450 eausa,
1753 4394 1827 4455 quae
1851 4380 1965 4440 omnia

318 4477 408 4554 juris
424 4476 542 4537 ordine
562 4478 783 4548 3033000310,
799 4478 950 4553 prioratu
964 4480 1117 4541 000103130
1171 4475 1262 4535 mille
1281 4475 1384 4536 libras
1409 4476 1679 4551 proveniensium
1701 4475 1897 4537 aestimabai.
1916 4476 1965 4537 Ad

325 4572 507 4647 sagiensis,
522 4588 620 4648 quem
636 4572 796 4633 canonice
809 4572 917 4635 tuerat
932 4576 1114 4647 assecutus
1171 4572 1258 4649 quod
1270 4571 1333 4633 luit
1347 4588 1390 4633 ex
1404 4573 1544 4634 adverso
1560 4587 1767 4649 responsum,
1788 4572 1965 4651 quodcum

319 4671 354 4733 01
379 4670 437 4731 diu
463 4669 574 4747 quiete
592 4669 786 4744 possederat
814 4672 932 4731 contra
947 4672 1116 4747 justitiam
1170 4668 1257 4731 idem
1286 4670 1461 4746 episcopus
1489 4670 1659 4746 sagiensis
1679 4670 1804 4732 dictum
1831 4673 1872 4731 H.
1898 4686 1965 4731 non

319 4766 486 4845 spoliavit,
501 4766 737 4842 propterquod
753 4766 840 4827 idem
862 4765 904 4827 ad
927 4784 989 4828 303
1002 4768 1117 4845 appel·
1171 4766 1357 4842 spoliasset,
1375 4766 1432 4827 sed
1448 4770 1583 4843 propter
1609 4767 1819 4828 manifestam
1841 4766 1963 4829 inobe-

318 4865 393 4925 1333
404 4865 445 4925 ad
459 4864 620 4924 decanum
636 4864 918 4925 cenomanensem
936 4866 969 4926 et
994 4868 1115 4942 conju·
1171 4863 1340 4935 dientiam‚
1350 4865 1383 4924 et
1391 4880 1583 4939 gravamen,
1595 4868 1628 4926 et
1636 4880 1805 4927 enormem
1815 4865 1966 4927 diffama-

319 4962 409 5022 dices
427 4977 506 5023 suos
521 4976 622 5037 super
636 4959 699 5021 hoc
714 4961 755 5022 de
769 4960 877 5038 ipsius
891 4962 1039 5040 episcopi
1054 4966 1117 5025 sa·
1170 4960 1294 5022 tionem
1318 4962 1507 5031 criminum,
1531 4978 1604 5039 quae
1619 4962 1661 5023 ad
1683 4962 1792 5040 ipsum
1807 4964 1965 5040 tanquam

320 5058 447 5135 giensis
476 5058 704 5134 procuratoris
728 5074 893 5128 33303300.
908 5061 1116 5136 Apostolicas
1169 5058 1211 5118 ad
1226 5073 1323 5119 suum
1339 5058 1542 5135 episcopum,
1559 5058 1966 5128 013113100301000000-

319 5157 449 5218 11110033
461 5155 740 5232 10300103011,031,
750 5156 839 5226 11001,
850 5157 994 5232 cognitis
1005 5174 1115 5220 causae
1169 5157 1275 5216 torem
1290 5156 1392 5217 totius
1406 5157 1488 5218 cleri
1505 5157 1676 5233 sagiensis
1692 5157 1805 5218 datum
1832 5157 1963 5219 anobis

317 5252 459 5324 meritis,
471 5251 594 5313 dictum
607 5252 799 5329 episcopum
806 5254 1000 5329 sagiensem
1011 5255 1053 5316 ad
1067 5256 1114 5317 in·
1169 5256 1391 5329 pervenerant
1407 5254 1447 5315 de
1462 5254 1577 5315 eodem
1592 5255 1773 5315 amovisset
1787 5255 1828 5316 ab
1853 5254 1964 5317 0111013

317 5352 446 5426 tegram
459 5349 704 5412 restitutionem
720 5352 888 5427 prioratus
912 5368 986 5413 cum
1006 5354 1116 5415 omni·
1170 5351 1347 5427 prioratus
1360 5366 1427 5412 non
1438 5354 1505 5413 tam
1513 5352 1601 5429 juris
1614 5352 1787 5427 angustias
1803 5367 1901 5429 quam
1914 5368 1965 5414 re·

317 5448 379 5510 bus
392 5446 566 5519 fructibus
582 5449 615 5510 et
629 5448 670 5508 ad
685 5448 849 5511 interesse
864 5450 897 5511 et
909 5448 1030 5510 damna
1042 5468 1115 5527 quae
1169 5448 1302 5523 gulares
1318 5447 1549 5511 observantias
1570 5450 1605 5509 in
1621 5449 1685 5510 bac
1705 5450 1801 5525 parte
1817 5452 1962 5523 secutus,

317 5546 508 5609 incurrerat
523 5546 699 5608 occasione
720 5545 897 5608 amotionis
911 5548 1018 5624 ipsius
1032 5564 1114 5610 sen·
1168 5546 1256 5607 idem
1269 5548 1309 5607 H.
1326 5546 1367 5607 ad
1381 5546 1615 5623 appellationis
1637 5546 1812 5623 diffugium
1832 5563 1868 5608 se
1883 5563 1966 5609 con-

206 5641 212 5652 “
317 5644 511 5716 10311311100,
538 5644 705 5706 mediante
724 5644 867 5722 justitia,
897 5645 1117 5709 condemnas·
1169 5643 1313 5718 0001033,
1326 5646 1358 5705 01
1371 5660 1526 5707 asserens
1537 5658 1572 5707 30
1587 5645 1701 5706 003103
1714 5644 1880 5722 justitiam
1891 5660 1965 5723 spo-
