4217 6400
123 222 177 284 199
733 214 1142 291 massmannum.
1249 165 1250 168 Ὺ
1305 211 1309 229 ·
1701 215 1761 277 199

313 318 329 347 ᾖ

123 377 249 441 dilectis
274 374 353 438 tiliis
375 371 578 448 consulibus,
592 376 626 438 et
651 373 773 452 populo
792 373 914 436 'libur-
967 372 1092 450 pietats
1107 372 1267 436 universa
1281 371 1459 451 disponens
1473 387 1585 435 rerum
1598 371 1766 437 vicissitu-

124 479 202 547 tino,
220 473 371 545 salutem,
389 474 452 535 etc.
968 471 1063 534 dines
1083 486 1150 532 1191
1169 471 1242 532 sine
1265 471 1485 548 dispositione
1506 472 1605 532 certas
1622 472 1765 533 rationis

160 571 391 647 Experimento
417 568 453 630 in
478 567 573 631 vobis
605 567 792 639 didicimus,
827 567 913 645 quod
968 568 1122 640 alternat,
1146 583 1235 630 nunc
1266 572 1400 644 egentes
1423 569 1550 630 iaciens
1578 568 1762 640 abundare,

123 670 264 732 facilitas
290 669 408 738 veniae,
438 667 642 729 incentivum
665 667 782 728 tribuit
801 665 914 726 1191111-
968 681 1057 727 1119
1079 665 1283 727 abundantes
1299 682 1408 743 egere,
1431 670 1466 728 ut
1487 667 1633 726 bumana
1649 667 1767 728 condi-

124 765 252 845 quendi,
279 782 354 826 cum
378 765 558 842 impunitas
594 779 803 836 excessuum,
833 778 914 839 quos
968 763 1016 824 tio
1044 777 1105 839 per
1138 765 1392 826 alternationem
1425 764 1616 841 hujusmodl
1650 761 1766 824 saeculi

124 863 199 923 olim
219 857 344 936 pluries
369 861 485 920 contra
514 857 717 919 sublacense
748 858 916 918 monaste·
970 860 1023 922 sui
1036 862 1143 922 status
1164 860 1413 923 instabilitatem
1428 861 1598 937 agnoscat,
1625 862 1658 922 et
1680 860 1766 920 alter

123 960 207 1019 rium
222 957 448 1029 commisistis,
462 973 522 1019 vos
537 956 643 1031 magis
656 954 838 1017 reddiderit
858 955 914 1014 in·
970 958 1068 1020 altari
1080 959 1292 1034 compatienti
1302 958 1500 1020 subveniens
1512 958 1648 1035 impleat
1658 955 1765 1032 legem

124 1055 265 1116 solentes
281 1055 314 1117 91
328 1055 368 1114 ad
393 1054 501 1130 ipsius
516 1069 696 1129 gravamen
721 1051 915 1114 monasterii
970 1054 1105 1126 Christi,
1122 1054 1767 1132 111111191111191111991991199111-

122 1151 304 1230 proniores.
320 1152 560 1228 Nuperautem
576 1167 651 1211 cum
670 1150 759 1212 idem
777 1163 914 1210 monas·
970 1152 1075 1228 ligere
1100 1154 1132 1214 et
1157 1153 1243 1214 alter
1265 1153 1404 1214 alterius
1429 1167 1532 1213 onera
1555 1151 1763 1228 supportare.

123 1249 239 1311 terium
251 1249 509 1326 recuperaverit,
523 1264 583 1324 pro
595 1247 704 1324 gratia
720 1247 793 1320 Dei,
805 1263 916 1309 arcem
971 1253 1056 1312 Ecce
1068 1249 1147 1326 quia
1160 1249 1281 1311 famem
1304 1265 1443 1311 vocasse
1456 1249 1588 1311 videtur
1608 1248 1767 1310 Dominus

125 1347 235 1408 Sancti
251 1347 422 1422 Stephani,
446 1361 520 1422 quae
535 1348 665 1421 spectat
683 1345 725 1405 ad
748 1344 867 1421 ipsum,
885 1345 919 1406 91
972 1362 1072 1423 super
1083 1344 1205 1408 Urbem
1218 1349 1250 1409 91
1264 1347 1300 1407 11
1311 1347 1562 1408 estrumentum
1575 1345 1670 1422 panis
1683 1359 1767 1420 gra-

122 1459 180 1507 vos
212 1443 330 1505 contra
369 1444 478 1519 ipsum
511 1441 689 1504 tentaretis
724 1441 915 1517 insurgere,
970 1445 1058 1506 viter
1071 1443 1269 1515 decrevisse,
1284 1443 1436 1504 nonnulli
1449 1443 1560 1504 tamen
1578 1442 1685 1518 ipsius
1702 1437 1768 1502 Ur-

125 1541 319 1616 bpostolicae
347 1541 435 1611 sedi,
457 1539 497 1600 ad
522 1555 619 1616 quam
637 1538 827 1617 specialiter
840 1553 919 1614 per-
971 1541 1033 1613 bis,
1049 1557 1131 1618 quos
1147 1540 1317 1602 abundare
1333 1540 1417 1600 nulli
1438 1539 1573 1602 dubium
1589 1537 1766 1610 99111111-

123 1636 619 1709 tinet,nullatenusdeierendo,
633 1637 915 1712 nosperlitteras,
972 1638 1058 1699 tiose
1084 1655 1180 1700 suam
1201 1637 1437 1699 abundantiam
1466 1635 1680 1706 occultantes
1705 1649 1767 1694 ne-

124 1734 316 1797 etdilectum
326 1735 622 1810 tiliumllugonem
633 1733 871 1794 subdiaconum
885 1731 932 1812 91,
972 1751 1137 1812 quaquam
1148 1735 1230 1797 illud
1241 1735 1450 1796 maledictum
1459 1733 1637 1797 advertunt
1650 1754 1658 1795 1
1673 1733 1767 1792 «Ma-

124 1832 331 1908 capellanum
342 1836 504 1904 nostrum,
515 1831 611 1893 vobis
620 1830 864 1899 mandavimus,
882 1827 919 1889 ut
972 1831 1112 1894 ledictus
1127 1833 1225 1894 bomo
1250 1833 1307 1912 qui
1329 1831 1530 1893 trumentum
1545 1829 1718 1890 abscondit
1732 1827 1767 1886 in

124 1928 165 1989 ab
178 1930 326 2005 eJusdem
343 1928 536 1991 monasterii
549 1929 743 2004 gravamine
763 1941 916 1988 cessare-
972 1931 1093 2007 populo
1109 1946 1224 1990 :snou
1235 1931 1389 1990 curantes
1403 1929 1494 1988 illam
1503 1926 1768 1988 benedictionem

124 2026 183 2102 tis3
208 2028 242 2089 et
269 2027 348 2088 licet
380 2027 469 2087 idem
500 2026 694 2103 capellanus
712 2026 747 2084 in
764 2025 917 2086 consules
973 2029 1126 2104 accipere
1136 2028 1177 2096 de
1190 2043 1255 2104 qua
1269 2027 1426 2089 continue
1438 2009 1767 2086 subinferturzcss'e-
1847 2091 1859 2114 ο

125 2125 254 2185 etalios
270 2127 416 2200 majores
429 2124 576 2184 vestrum
596 2122 918 2184 excommunicatio-
973 2124 1118 2186 nedictio
1139 2125 1250 2186 autem
1272 2139 1373 2200 super
1389 2125 1488 2199 caput
1503 2119 1716 2184 vendentium
1727 2136 1765 2194 »ς

125 2222 188 2293 119,
203 2223 239 2283 91
257 2222 293 2281 11
315 2222 454 2282 91919199
480 2220 649 2280 interdicti
673 2219 867 2289 sententias,
889 2218 918 2278 si
973 2238 1036 2282 nec
1062 2220 1204 2298 denique
1233 2220 1440 2282 attendentes
1468 2217 1555 2294 quod
1583 2216 1768 2278 necessitas

128 2322 243 2382 contra
258 2319 508 2394 praesumerent,
521 2317 723 2394 protulisset,
733 2331 793 2377 vos
807 2317 918 2376 tamen
974 2318 1164 2394 hujusmodi
1178 2317 1361 2378 abundanti
1373 2315 1489 2377 tribuit
1500 2327 1653 2389 magnam
1667 2311 1771 2372 mise-

128 2415 260 2476 easdem
275 2414 523 2476 contemnentes
543 2414 736 2485 sententias,
753 2414 786 2474 et
805 2412 919 2474 nostra
974 2414 1153 2476 ricordiam
1181 2412 1386 2474 diminuendi
1407 2411 1544 2488 peccata
1565 2413 1598 2470 et
1623 2409 1771 2470 divinam

129 2513 384 2574 mansuetudine
397 2511 581 2583 abutentes,
603 2525 787 2587 aggravare
801 2523 920 2570 manus
974 2511 1116 2587 gratiam
1131 2510 1271 2571 ulterius
1295 2508 1516 2587 promerendi.
1541 2507 1686 2582 Urgente
1701 2504 1770 2580 igi-

128 2611 258 2672 vestras
277 2610 393 2670 durius
416 2611 531 2670 contra
550 2609 659 2684 ipsum
680 2605 919 2667 monasterium
974 2608 1030 2668 tur
1044 2608 1310 2668 necessariorum
1325 2607 1450 2682 inopia,
1468 2603 1640 2666 confluunt
1652 2601 1692 2664 ad
1708 2617 1770 2662 nos

127 2707 308 2784 adjecistis,
324 2706 466 2766 aliorum
489 2705 530 2764 ad
552 2705 615 2764 1199
630 2704 805 2774 auxilium,
822 2702 921 2778 quasi
974 2702 1091 2783 populi
1103 2701 1288 2773 multitudo,
1301 2717 1384 2778 quos
1395 2701 1468 2762 sine
1483 2699 1640 2774 lacrymis
1653 2693 1771 2757 audire

126 2803 382 2882 conjuraveritis
404 2803 440 2862 in
466 2804 538 2878 ejus
551 2801 797 2871 exterminium,
820 2799 921 2860 invo-
974 2814 1042 2860 non
1057 2815 1244 2876 possumus,
1268 2797 1426 2859 alimenta
1442 2797 1632 2872 deposcens,
1651 2796 1683 2854 et
1708 2807 1770 2854 neo

127 2903 251 2963 cantes.
268 2903 349 2961 Cum
364 2900 474 2961 autem
493 2915 555 2959 nec
566 2898 745 2959 debeamus
760 2911 821 2956 nec
835 2895 921 2957 veli·
975 2896 1074 2958 aliter
1089 2912 1187 2975 quam
1202 2897 1231 2956 si
1250 2895 1378 2972 lapides
1393 2896 1588 2956 convertere
1604 2889 1769 2967 possimus

126 3012 199 3059 mus
226 2998 321 3069 talia,
342 2998 378 3058 in
394 2996 651 3059 destructionem
673 2993 868 3054 monasterii
888 2994 922 3053 et
975 2993 1010 3055 in
1025 3008 1156 3070 panem,
1174 2996 1232 3054 aut
1256 2993 1292 3052 in
1306 2991 1449 3052 farinam
1473 2990 1571 3051 terrae
1597 2987 1768 3063 pulverem

127 3096 274 3156 nostram
296 3096 330 3155 et
341 3094 538 3170 apostolicae
555 3092 650 3153 Sedis
664 3091 834 3168 injuriam,
852 3105 921 3150 sus·
975 3091 1190 3152 commutare.
1206 3091 1244 3151 ln
1256 3085 1446 3165 hujusmodi
1461 3101 1540 3162 ergo
1562 3081 1772 3146 necessitatis

127 3191 247 3265 tinere,
271 3191 481 3252 universitati
502 3190 623 3251 vestrae
648 3187 707 3249 sub
730 3187 832 3259 omni,
856 3203 921 3263 qua
975 3187 1116 3253 articulo
1133 3187 1173 3249 ad
1187 3188 1229 3261 te,
1251 3186 1309 3258 1111,
1327 3185 1484 3245 duximus
1500 3181 1698 3244 fiducialiter
1712 3194 1771 3241 re-

128 3305 313 3364 possumus,
326 3287 748 3357 districtionemandamus,
759 3286 921 3360 quatenus
976 3284 1189 3356 currendum,
1205 3298 1446 3359 recognoscens
1470 3280 1556 3357 quod
1579 3277 1687 3351 felicis
1710 3292 1769 3339 19-

129 3386 169 3445 ab
196 3386 301 3463 ipsius
328 3382 541 3445 intestatione
574 3382 709 3460 penitus
740 3382 919 3452 desistatis,
976 3383 1180 3447 cordationis
1204 3380 1392 3441 Alexander
1417 3379 1450 3439 91
1474 3377 1608 3447 Lucius,
1630 3372 1773 3435 Romani

129 3481 278 3559 alioquin
301 3482 335 3542 et
357 3480 533 3557 praedictas
556 3479 738 3542 sententias
761 3478 921 3538 iaciemus
977 3480 1160 3559 pontifices,
1179 3476 1440 3555 praedecessores
1468 3473 1587 3543 nostri,
1615 3470 1772 3545 adroges

130 3576 326 3639 inconcusse
341 3577 481 3649 servari,
497 3576 626 3638 etalias
644 3576 680 3636 in
692 3592 751 3637 vos
764 3590 923 3652 aggrava·
978 3579 1103 3641 siciliae
1119 3576 1380 3653 praedecessores
1402 3574 1476 3633 tuos
1503 3571 1537 3631 in
1564 3585 1646 3631 casu
1669 3566 1772 3629 simili

130 3671 237 3735 111111111
262 3674 679 3744 11111111111111111011111,
711 3672 797 3749 quod
824 3688 922 3749 poena
977 3677 1126 3739 habuere
1152 3687 1336 3742 recursum,
1358 3673 1390 3731 et
1412 3685 1469 3731 eos
1491 3666 1660 3737 liberales,
1677 3664 1775 3741 prout
1845 3668 1852 3678 “

129 3785 188 3831 vos
204 3770 347 3833 instruet
359 3786 456 3847 quam
470 3770 619 3845 graviter
629 3769 847 3848 deliqueritis,
862 3784 923 3829 nos
977 3771 1125 3850 regalem
1133 3767 1418 3845 magnificentiam
1428 3764 1549 3833 decuit,
1561 3761 1771 3824 invenerunt.

130 3867 163 3929 et
186 3871 369 3930 Romanam
392 3853 585 3939 Ecclesiam,
606 3867 641 3926 in
661 3866 748 3927 iacto
772 3866 922 3943 ejusdem
978 3870 1070 3945 Quod
1084 3868 1123 3929 de
1138 3871 1195 3929 tua
1219 3865 1419 3928 liberalitate
1434 3878 1501 3923 non
1528 3860 1664 3935 indigne
1687 3873 1777 3935 prae-

130 3965 337 4034 1110111111111,
347 3966 415 4023 tam
427 3964 577 4037 graviter
584 3961 792 4023 Offessdessdo·
805 3964 922 4024 Datum
978 3966 1132 4038 sumitur,
1145 3981 1219 4025 cum
1233 3980 1298 4025 non
1313 3962 1474 4023 minorem
1487 3958 1669 4021 habeamus
1682 3955 1723 4015 ad
1739 3955 1771 4018 te

130 4061 298 4130 Laterani,
324 4058 484 4118 1111111111
510 4058 681 4129 februarii,
708 4058 923 4135 pontificatus
979 4064 1129 4126 caritatis
1144 4062 1300 4123 affectum
1314 4074 1412 4137 quam
1427 4057 1469 4117 ad
1482 4056 1572 4131 ipsos
1585 4052 1774 4114 babuerunt

129 4154 254 4217 nostris
268 4170 356 4243 anuo
372 4153 557 4216 undecimo.
978 4160 1153 4239 pontifices
1186 4156 1356 4226 antedicti,
1383 4168 1446 4213 nec
1474 4152 1647 4220 minorem,
1674 4163 1773 4225 quam

979 4258 1080 4320 suerit
1101 4252 1291 4317 eorumdem
1317 4265 1433 4327 regum
1459 4248 1500 4309 ad
1522 4248 1612 4321 illos,
1628 4249 1719 4307 tuam
1734 4244 1776 4305 ad

978 4369 1042 4415 nos
1074 4349 1332 4413 benivolentiam
1365 4346 1578 4409 aestimemus.
1613 4341 1777 4419 Imperia-

463 4408 595 4496 LVIH
979 4451 1045 4511 lem
1070 4449 1181 4525 itaque
1196 4444 1429 4507 liberalitatem
1457 4442 1559 4511 omni,
1577 4455 1641 4517 qua
1655 4454 1775 4515 possu-

133 4562 408 4625 AdFrtdertcum
415 4562 652 4621 Romanorum
662 4556 923 4630 imperatorem.
980 4563 1065 4619 mus,
1080 4544 1256 4607 affectione
1271 4542 1490 4619 deposcimus,
1517 4538 1678 4615 11119119
1694 4550 1776 4611 pru-

375 4686 514 4761 (ianuarii
533 4685 680 4760 munte),
980 4644 1096 4707 denter
1111 4641 1284 4705 attendens
1301 4639 1443 4715 gratiam
1461 4632 1673 4711 promerendi
1688 4630 1776 4692 divi-

564 4810 569 4820 ,
640 4809 646 4820 ,
981 4758 1070 4809 nam,
1081 4738 1303 4819 populumque
1316 4738 1499 4799 Romanum
1511 4732 1551 4793 ad
1564 4729 1775 4791 dilectionem

239 4809 369 4876 [liuillard
384 4808 523 4868 Brabolles,
539 4810 602 4861 llrst.
621 4808 735 4873 aspidi,
747 4808 815 4873 tio]

980 4839 1089 4917 potius
1104 4834 1246 4913 gratiam
1261 4833 1325 4895 sibi
1351 4832 1492 4906 desuper
1505 4828 1566 4891 tibi
1586 4826 1698 4888 datam
1721 4824 1776 4885 bi-

133 4932 205 4993 11111
224 4941 307 5007 rogat
320 4940 353 4993 ut
375 4933 466 4991 mittat
481 4930 654 4990 trumentum
669 4931 705 4988 ad
726 4931 831 4989 Urbem
850 4936 923 4989 tem·
980 4936 1098 4997 lariter
1112 4930 1340 5011 amplectendo
1354 4927 1455 4989 verbo
1478 4924 1612 5001 Josepb,
1629 4923 1686 5001 qui
1700 4922 1775 5001 pari

167 5036 237 5093 l)ore
260 5020 353 5092 111111,
378 5022 596 5093 exemplumque
621 5026 761 5077 1111111111
787 5032 926 5092 paparum
980 5029 1179 5094 necessitate
1207 5030 1339 5107 patrem.
1361 5024 1452 5103 pavit
1479 5022 1512 5086 et
1536 5021 1685 5092 tratrem,
1709 5018 1776 5097 ipsi
1821 5011 1830 5026 ¹

166 5108 319 5209 Alenandri
339 5116 368 5166 et
388 5108 478 5178 Lucii,
503 5109 550 5180 qui
564 5110 594 5165 11
608 5108 694 5165 simili
709 5122 778 5207 casu
791 5106 827 5163 ad
841 5122 926 5181 reges
980 5128 1114 5207 populo,
1130 5127 1187 5205 qui
1207 5128 1365 5201 tanquam
1392 5121 1433 5183 ad
1463 5122 1592 5195 patrem
1616 5117 1775 5180 exuriens

168 5197 270 5255 Sicilia
289 5196 449 5254 babuerunt
468 5210 615 5253 recursum
634 5203 664 5253 et
683 5195 842 5268 bemgnum
862 5210 923 5253 res·
981 5227 1021 5287 ad
1037 5241 1099 5286 nos
1114 5222 1246 5293 clamat,
1271 5216 1393 5281 debeas
1412 5215 1579 5293 largitatis
1600 5216 1666 5276 tuae
1691 5213 1777 5273 (101.

168 5298 289 5357 ponsum
308 5291 487 5357 acceperant.
980 5326 1086 5386 teram
1098 5320 1239 5398 aperire,
1253 5320 1289 5379 ut
1303 5314 1493 5393 hujusmodi
1506 5312 1640 5375 articuli
1652 5324 1778 5384 angus-

173 5426 353 5498 Honorius,
369 5426 433 5487 etc.
979 5422 1045 5483 tias
1061 5434 1121 5495 per
1132 5415 1295 5478 auxilium
1318 5415 1411 5475 tuum
1435 5411 1577 5473 evadere
1592 5408 1774 5477 valeamus

173 5521 325 5585 coelestis
339 5522 479 5585 altitudo
491 5521 624 5583 consilii
637 5521 704 5585 alta
716 5523 750 5583 et
762 5519 927 5583 ineffabili
980 5520 1015 5581 et
1028 5515 1199 5593 generatio
1221 5512 1293 5575 baec
1317 5526 1418 5588 opera
1432 5511 1490 5572 tua
1511 5506 1624 5569 laudet
1644 5504 1677 5566 91
1691 5503 1777 5591 banc
