4217 6400
154 343 215 402 213
809 337 1011 400 EPISTOLAE.
1035 339 1108 400 LIB.
1132 341 1185 402 XI.
1784 344 1842 404 alt

153 486 304 568 paginam
319 483 424 550 cordis
444 481 545 546 nostri
562 481 713 546 inauditae
728 481 919 547 turbationis
936 499 988 546 ca-
1022 482 1071 546 dis
1086 482 1291 559 intrinsecus,
1311 491 1343 550 et
1356 484 1444 564 gravi
1458 484 1664 551 admiratione
1678 487 1841 568 commoti,

152 584 253 663 lamo,
279 586 311 647 et
336 596 426 644 nove
448 577 668 642 amaritudinis
691 581 877 641 attramento
901 593 977 642 con·
1022 583 1169 647 eumdem
1185 582 1325 662 legatum
1345 583 1522 648 litterarum
1543 584 1709 664 asperitate
1722 589 1845 650 nostra-

151 679 297 762 scripsit,
320 679 405 761 quod
421 677 608 757 scripturam
622 693 681 741 nec
697 676 844 755 lugubris
861 675 976 740 mentis
1022 694 1112 759 rum,
1135 683 1170 743 ut
1184 678 1307 760 decuit,
1328 679 1564 760 redarguimus,
1590 684 1622 743 et
1643 679 1673 744 ei
1697 679 1845 744 continuo

151 776 311 858 gemitus,
336 789 396 838 nec
423 773 631 856 lacrymarum
651 771 767 836 duvios
793 772 976 837 oblitterare
1022 773 1167 840 dedimus
1181 773 1214 837 in
1233 773 1351 838 virtute
1368 773 1555 838 obedientie
1574 773 1705 839 firmiter
1717 774 1751 838 in
1764 791 1842 855 prae-

152 873 273 954 valeat,
292 887 388 954 quam
403 875 510 934 nostro
525 869 645 949 animo,
665 868 754 949 quasi
774 884 881 947 ungue
902 869 974 933 ada·
1023 870 1138 952 ceptis,
1153 875 1188 934 ut
1203 869 1431 935 ordinationem
1447 871 1547 951 ipsam
1561 871 1629 936 sive
1643 887 1844 954 quocumque

152 970 295 1037 mantino
322 985 404 1033 novo
430 966 567 1032 cudendi
595 980 713 1044 genere
739 963 830 1029 stilus
857 965 975 1030 exarati
1023 968 1084 1032 alio
1104 965 1232 1032 nomine
1252 966 1368 1032 factum
1384 967 1565 1048 hujusmodi
1586 972 1763 1047 censeatur,
1779 983 1843 1032 oru-

151 1066 271 1131 doloris
287 1063 457 1144 impressit.
472 1062 631 1138 Quomodo
648 1060 761 1140 lugens
779 1059 880 1124 valeat
897 1076 974 1124 con·
1023 1065 1098 1129 nino
1126 1069 1251 1128 revocet
1279 1064 1347 1128 sine
1372 1079 1469 1127 mora.
1500 1067 1547 1127 Ita
1574 1065 1659 1145 quod
1686 1063 1844 1129 revocatio

152 1164 255 1228 solare
281 1165 473 1241 merentem,
502 1158 653 1223 dolensve
675 1155 809 1221 delinire
834 1155 974 1238 dolores,
1023 1162 1090 1242 ipsa
1103 1159 1187 1226 ultra
1201 1167 1264 1225 tres
1278 1160 1347 1225 dies
1361 1165 1431 1241 post
1444 1160 1656 1241 receptionem
1668 1161 1844 1226 litterarum

151 1279 227 1326 cum
239 1259 396 1325 contraria
414 1257 480 1322 suis
497 1262 648 1322 curentur
664 1254 831 1337 oppositis,
846 1269 910 1318 non
928 1259 976 1318 est
1022 1264 1199 1323 nostrarum
1225 1257 1405 1323 nullatenus
1433 1257 1607 1342 differatur,
1635 1263 1667 1324 et
1695 1273 1843 1339 expresse

151 1356 245 1423 facile
278 1354 428 1436 reperire.
463 1357 563 1419 Nemo
590 1357 709 1434 quoerat
736 1350 776 1415 ab
808 1349 975 1415 amaricato
1022 1354 1164 1420 inbibeat
1178 1371 1219 1420 ne
1233 1356 1304 1438 quis
1318 1361 1426 1421 contra
1436 1373 1511 1438 vos,
1526 1371 1584 1421 seu
1600 1355 1678 1422 alias
1692 1371 1842 1436 personas

151 1454 238 1535 quod
251 1451 370 1534 sapiet,
384 1451 424 1516 ab
438 1455 621 1531 exasperato
634 1449 718 1530 quod
732 1448 884 1530 mulceat,
901 1449 975 1531 quia
1022 1451 1268 1532 ecclesiasticas,
1287 1451 1354 1517 sive
1373 1451 1456 1516 bona
1475 1452 1614 1532 ipsarum
1632 1452 1771 1534 aliquam
1789 1469 1840 1516 oc-

151 1548 405 1616 exterminantur
418 1547 451 1612 in
468 1545 574 1612 verbis
593 1545 688 1610 mella
707 1544 900 1627 dulcedinis,
917 1545 974 1611 ubi
1022 1549 1147 1614 cesione
1177 1548 1325 1629 predicta
1348 1555 1515 1629 praesumat
1543 1550 1724 1615 violentiam
1752 1565 1840 1614 excr-

151 1653 255 1714 totum
273 1652 384 1728 pectus
406 1650 538 1725 occupat
561 1643 609 1708 vis
629 1642 756 1708 doloris.
781 1642 974 1723 Principium
1021 1662 1109 1722 cere;
1129 1663 1165 1712 ac
1188 1645 1311 1711 restitui
1328 1645 1419 1711 facIat
1440 1646 1604 1729 universa,
1624 1646 1651 1710 si
1669 1664 1733 1728 qua
1751 1637 1857 1712 occa·¹

151 1745 304 1826 principis
318 1742 429 1825 inclyti
443 1742 601 1824 quondam
614 1739 710 1820 Regis
719 1740 869 1804 Ludovici
884 1740 974 1806 clarae
1021 1742 1111 1808 sione
1135 1742 1198 1822 jam
1223 1742 1306 1807 dicta
1334 1747 1408 1806 sunt
1441 1742 1595 1807 debonis
1622 1741 1843 1808 ecclesiasticis

150 1839 312 1906 memorie
326 1838 490 1919 negotium
508 1836 594 1918 pacis
612 1841 644 1901 et
662 1834 735 1900 fidei
752 1835 887 1901 fideliter
900 1853 974 1916 pro
1021 1845 1182 1920 occupata.
1214 1839 1355 1921 Denique
1383 1839 1527 1904 volentes
1554 1839 1660 1922 vobis,
1693 1845 1725 1904 et
1753 1838 1841 1922 aliis,

150 1938 308 2004 moventis
328 1937 469 2002 ecclesiae
490 1935 582 2000 matri
601 1952 665 1999 suae
686 1933 790 1998 attulit
811 1933 925 2016 risum,
941 1940 973 1999 et
1020 1951 1100 2017 quos
1127 1934 1187 2000 hoc
1215 1934 1380 2014 negotium
1408 1934 1509 2014 tangit
1540 1934 1643 2016 plenis
1676 1935 1843 2016 providere

149 2036 320 2117 gaudium,
345 2035 400 2100 sed
427 2032 546 2097 emole
572 2031 681 2097 mortis
708 2032 770 2096 lato
795 2031 972 2097 miserando
1020 2030 1256 2095 venerabilibus
1273 2029 1422 2095 fratribus
1436 2033 1589 2096 nostris...
1606 2034 1839 2096 cenomanen...

149 2131 330 2198 subtractus
347 2128 446 2193 risum
459 2128 492 2192 in
506 2127 628 2193 luctum
642 2127 805 2209 convenit,
821 2127 972 2206 gaudium
1020 2131 1088 2191 et...
1105 2126 1305 2191 Aurelianen.
1323 2125 1497 2209 episcopis,
1517 2126 1551 2191 iu
1570 2125 1685 2192 dilecto
1707 2125 1771 2192 [llio
1786 2127 1840 2192 ab·

149 2229 183 2293 in
205 2227 396 2309 lamentum,
413 2232 578 2307 totumque
597 2225 778 2306 negotium,
798 2225 883 2307 quod
901 2224 972 2290 feli·
1018 2221 1085 2286 bati
1099 2223 1139 2286 de
1153 2221 1362 2301 burgomedio
1381 2221 1502 2286 blesen.
1526 2237 1584 2302 per
1601 2221 1717 2302 scripta
1734 2226 1841 2287 nostra

149 2325 242 2391 cibus
256 2328 461 2390 Deoauctore
472 2322 716 2404 promovebatur
729 2321 879 2402 auspiciis
892 2339 971 2386 mor·
1018 2318 1250 2399 mandavimus,
1278 2325 1313 2384 ut
1336 2318 1364 2383 si
1383 2318 1549 2383 cardinalis
1573 2318 1656 2401 ipse,
1681 2325 1841 2400 nostrum,

147 2421 191 2486 tis
206 2438 270 2486 suae
283 2419 390 2501 gladio
404 2419 543 2500 graviter
561 2417 758 2499 vulneravit,
774 2418 970 2483 sedsucoes-
1018 2418 1103 2498 quod
1128 2415 1255 2480 omnino
1278 2431 1341 2480 non
1370 2415 1545 2496 credimus,
1571 2415 1764 2498 neglexerit,
1788 2415 1841 2482 vel

147 2516 239 2582 sione
264 2516 362 2597 prolis
385 2516 521 2580 obducta
548 2514 689 2578 vulneris
713 2513 858 2579 cicatrice
881 2511 971 2595 quasi
1019 2511 1177 2576 distulerit
1198 2509 1371 2590 adimplere
1393 2516 1601 2592 praeceptum,
1625 2517 1680 2576 aut
1702 2511 1781 2577 forte
1802 2513 1842 2576 ad

149 2611 299 2694 reviguit,
316 2617 348 2677 et
363 2627 452 2692 spem
466 2609 563 2675 futuri
578 2611 698 2675 fructus
712 2609 878 2690 preteritis
887 2608 970 2672 labo
1019 2607 1217 2689 presentiam
1231 2613 1369 2672 nostram
1385 2607 1568 2686 regrediens
1584 2607 1734 2673 terminos
1748 2608 1844 2673 luerit

149 2708 256 2789 ribuS,
280 2705 407 2787 penitus
430 2721 493 2769 non
516 2705 643 2769 ademit.
668 2707 786 2771 Verum
810 2704 895 2784 quod
917 2703 970 2766 do·
1020 2721 1084 2768 suae
1115 2701 1281 2782 legationis
1309 2717 1475 2785 egressus,
1501 2701 1564 2782 ipsi
1597 2702 1629 2767 id
1658 2701 1844 2780 auctoritate

147 2804 251 2870 lentes
266 2801 430 2866 referimus
445 2801 617 2864 verendum
629 2805 678 2864 est
692 2815 733 2863 ne
744 2814 861 2863 novum
876 2798 969 2863 infor·
1020 2798 1196 2879 Apostolica
1231 2803 1440 2881 exsequentes
1474 2797 1702 2863 ordinationem
1735 2803 1844 2863 contra

148 2900 275 2968 tunium
299 2898 426 2979 negotio
448 2897 551 2979 pacis,
577 2903 609 2962 et
625 2896 697 2962 fidei
716 2897 762 2962 sic
782 2897 972 2961 infortunate
1020 2911 1076 2960 vos
1090 2893 1221 2960 senonis
1235 2893 1363 2970 editam,
1377 2910 1413 2958 ac
1428 2892 1518 2958 vobis
1530 2893 1729 2972 postmodum
1742 2891 1843 2973 ipsius

149 2998 317 3078 succedat,
345 3001 381 3060 ut
408 2995 576 3061 scintillam
601 2994 686 3075 spei,
714 2993 841 3076 quein
865 2993 971 3060 clerici
1020 2990 1116 3071 legati
1132 2990 1245 3056 litteris
1263 2990 1436 3055 intimatam
1451 2989 1638 3056 denuntient
1654 2989 1781 3070 penitus
1795 2990 1841 3053 ir·
1943 3039 1946 3046 .

149 3093 316 3161 devotione
330 3095 521 3157 remanserat
535 3090 625 3154 flatus
639 3096 754 3154 exorte
768 3088 971 3168 malignitatis
1020 3087 1129 3169 ritam,
1152 3092 1184 3151 et
1205 3085 1348 3167 inanem,
1371 3091 1403 3152 et
1421 3101 1570 3167 expresse
1594 3085 1775 3162 inhibeant,
1800 3103 1842 3151 ne

149 3190 324 3271 extinguat.
342 3189 402 3253 Sed
420 3187 501 3253 absit
516 3187 600 3269 quod
621 3186 682 3253 hoc
699 3186 862 3267 negotium
876 3186 971 3254 unius
1020 3184 1092 3268 quis
1111 3202 1149 3251 ea
1169 3184 1332 3252 occasione
1351 3189 1518 3265 presumat
1535 3183 1747 3251 ecclesiastica
1760 3184 1843 3250 bona

149 3290 243 3371 culpa
259 3286 408 3369 perimat,
423 3303 480 3366 pro
494 3302 558 3367 quo
571 3290 618 3349 tot
636 3288 808 3367 martyrum
822 3284 969 3368 sanguis,
1019 3282 1184 3363 invadere,
1210 3280 1261 3346 vel
1284 3281 1413 3346 turbare
1432 3280 1592 3364 quoslibet
1611 3279 1667 3363 qui
1682 3296 1774 3346 secus
1795 3286 1842 3344 at-

149 3387 210 3452 sub
225 3387 322 3451 altare
339 3384 396 3450 Dei
415 3399 492 3449 voce
509 3383 664 3447 indefessa
685 3382 816 3463 clamat,
838 3399 969 3462 praeser—
1020 3385 1142 3444 tentare
1167 3377 1400 3458 presumpserit
1421 3395 1438 3442 a
1461 3378 1705 3457 presumptione
1732 3376 1843 3458 buJus-

148 3482 207 3547 tim
225 3498 297 3547 curu
315 3480 420 3561 potius
441 3477 653 3543 ecclesiastica
669 3476 816 3542 libertate
834 3478 969 3559 tuenda,
1018 3476 1104 3542 modi
1130 3480 1384 3556 compescentes,
1414 3479 1446 3539 et
1474 3475 1700 3555 compellentes
1727 3473 1840 3540 nibilo-

149 3594 245 3660 quam
268 3594 324 3658 pro
347 3576 467 3656 negotii
493 3573 702 3639 subventione
724 3573 850 3639 vitanda
871 3576 968 3639 duxe-
1018 3576 1122 3640 minus
1147 3575 1186 3639 ad
1210 3574 1423 3655 reddendum,
1448 3573 1476 3639 si
1499 3573 1555 3655 qui
1577 3574 1657 3639 forte
1676 3572 1843 3640 occasione

148 3672 218 3737 ritis
237 3672 469 3754 appellandum.
491 3669 720 3750 Regnoscimus
741 3670 915 3752 siquidem,
939 3675 972 3735 et
1015 3672 1167 3752 jamdicta
1191 3670 1297 3753 aliqua
1319 3672 1359 3736 de
1381 3670 1473 3736 bonis
1495 3670 1718 3737 ecclesiasticis
1747 3686 1842 3735 occu-

148 3769 294 3850 fatemur,
314 3769 400 3851 quod
421 3767 554 3833 ecelesia
572 3767 731 3832 Gallicana
751 3773 821 3847 post
839 3771 968 3848 Aposto·
1019 3775 1150 3851 parunt,
1169 3785 1228 3834 nec
1248 3768 1393 3849 impediri
1413 3772 1614 3851 permittant,
1634 3768 1712 3851 quin
1728 3768 1774 3833 illi
1788 3785 1840 3832 vo·

148 3867 241 3932 licam
257 3867 364 3933 sedem
379 3867 537 3949 quoddam
556 3867 652 3931 totius
670 3864 909 3931 Christianitatis
922 3871 971 3931 est
1019 3866 1136 3931 luerint
1151 3865 1250 3931 libere
1271 3864 1394 3932 valeant
1417 3866 1456 3931 ad
1480 3871 1617 3931 nostram
1640 3864 1749 3931 venire
1767 3881 1842 3946 pre

147 3962 336 4044 speculum,
368 3970 400 4027 et
425 3962 593 4027 immotum
619 3962 691 4026 fidei
722 3962 969 4044 firmamentum,
1019 3962 1169 4045 sentiam,
1185 3978 1353 4045 personaS,
1371 3968 1403 4027 et
1418 3963 1500 4028 bona
1516 3978 1642 4045 eorum,
1658 3979 1694 4029 ac
1709 3962 1841 4028 aliorum

149 4063 323 4138 utpoteque
336 4057 368 4121 in
381 4057 502 4122 fervore
516 4056 587 4122 fidei
603 4056 802 4138 Christiane,
818 4075 855 4122 ac
874 4059 970 4123 devo
1019 4062 1206 4127 clericorum
1220 4062 1260 4127 de
1274 4060 1366 4125 dietis
1382 4061 1555 4141 provinciis
1575 4061 1794 4142 defendentes,
1810 4064 1841 4125 et

147 4157 235 4221 tione
249 4153 433 4235 spostolicae
448 4153 536 4219 Sedis
554 4169 617 4218 non
633 4152 776 4233 sequitur·
789 4152 881 4235 alias,
897 4157 969 4235 sed,
1019 4161 1239 4222 conservantes
1262 4156 1375 4236 illaesa,
1401 4156 1616 4221 molestatores
1640 4172 1749 4221 eorum
1773 4156 1840 4222 effl-

147 4260 184 4318 ut
216 4269 288 4317 cum
318 4267 427 4317 earum
457 4267 534 4332 pace
568 4250 763 4332 dixerimus,
793 4252 969 4334 antecedit,
1019 4253 1134 4319 caciter
1143 4255 1382 4334 compescendo,
1395 4254 1580 4319 auctoritate
1594 4253 1841 4319 conservationis

147 4350 240 4431 cujus
260 4350 459 4416 devotionem
482 4348 588 4414 verbis
607 4347 758 4413 extollere
776 4349 969 4429 superfluum
1018 4350 1209 4432 hujusmodi,
1225 4349 1375 4432 quamdiu
1392 4350 1483 4416 nobis
1496 4351 1661 4434 placuerit,
1676 4352 1836 4416 duratura.

148 4453 348 4529 reputamus,
366 4465 440 4513 curn
456 4447 498 4511 sit
517 4444 610 4511 claris
628 4444 777 4526 operibus
794 4446 967 4511 manifesta.
1018 4448 1164 4514 Firmiter
1186 4448 1324 4529 denique
1346 4447 1486 4528 gerimus
1504 4450 1537 4514 in
1557 4449 1715 4530 proposita
1738 4450 1840 4514 lacere

147 4544 321 4613 Intellectis
341 4544 438 4624 igitur
458 4542 694 4623 gravaminibus
715 4542 804 4609 vobis
821 4561 839 4608 a
855 4544 970 4610 dilecto
1018 4545 1138 4625 omnia,
1160 4562 1230 4627 quae
1251 4561 1307 4626 pro
1330 4546 1576 4611 conservationis
1596 4545 1692 4610 vestri
1710 4546 1839 4611 nonoris

147 4644 211 4709 illio
225 4649 333 4708 nostro
352 4646 389 4707 R.
412 4641 515 4705 Sancti
529 4640 642 4719 Angeli
663 4640 786 4708 diaconi
805 4642 970 4708 cardinalis
1018 4649 1165 4708 costatus
1182 4644 1356 4709 secundum
1371 4646 1471 4709 Deum
1488 4649 1520 4709 et
1536 4643 1733 4710 honestatem
1753 4644 1837 4710 vide·

147 4739 332 4821 Apostolirae
341 4737 429 4803 Sedis
443 4736 547 4817 legato
560 4753 617 4817 per
626 4737 854 4803 ordinationem
865 4755 969 4821 quam·
1018 4741 1117 4807 rimus
1131 4740 1282 4806 facienda.

148 4839 220 4902 dam
235 4836 366 4903 senonis
379 4836 494 4901 editam
511 4834 676 4916 irrogatis,
691 4836 766 4902 tacti
779 4837 886 4902 dolore
901 4854 967 4903 cor·
1059 4839 1142 4901 Datae
1157 4836 1268 4901 ultimo
1283 4835 1413 4901 Honorii
1427 4838 1471 4901 ΙΙΙ
1486 4834 1683 4917 pontificatus
1698 4851 1790 4901 anno.

653 5209 770 5268 FINIS
794 5210 897 5268 fonll
918 5210 1066 5279 QUINTI
1090 5212 1140 5268 ET
1164 5209 1320 5268 UL'IIMI.
