4217 6400
325 244 381 313 tol

322 405 390 467 tuae
418 401 614 464 memoriam
636 399 819 476 largitatis3
844 415 961 476 preces
987 401 1119 463 nostras

324 502 371 562 ita
384 500 539 562 hilariter
562 501 594 560 et
616 498 797 559 efficaciter
819 497 1004 569 auditurus,
1033 497 1119 575 quod

325 597 367 658 ab
382 598 527 659 omnium
543 595 702 670 largitore
713 594 874 656 bonorum
891 598 980 657 tuam
995 611 1121 670 agnos-

325 710 402 756 cere
412 693 650 754 abundantiam
665 691 902 766 comproberis,
928 708 970 753 ne
992 692 1119 752 frustra

325 792 470 852 videaris
492 790 691 867 praeceptum
711 789 920 849 Dominicum
948 789 1118 850 habuisse.

325 890 410 950 Nam
426 888 465 958 si,
478 888 555 947 dum
568 885 700 946 rideres
712 901 773 946 nos
786 885 873 946 hanc
888 887 1120 947 necessitatem

325 985 459 1053 habere,
474 982 570 1043 nobis
585 985 698 1045 contra
713 999 804 1059 spem
819 985 965 1045 nostram
977 986 1036 1044 tua
1052 983 1122 1043 vis-

325 1097 403 1144 cera
416 1080 578 1141 clauseris
593 1080 737 1168 pietatis,
752 1081 839 1156 quod
861 1081 957 1152 absit,
975 1079 1121 1141 videaris

326 1179 423 1241 nobis
439 1178 572 1240 auterre
587 1179 627 1238 de
637 1180 695 1240 tua
716 1180 895 1239 serenitate
910 1179 1077 1250 tlduciam,
1093 1179 1121 1237 si

327 1277 421 1353 passi
447 1275 606 1336 fuerimus
622 1277 656 1335 in
680 1275 938 1336 tamiavorabili
952 1291 1055 1337 causa
1082 1275 1122 1334 de

326 1375 383 1450 pia
397 1374 557 1450 petitione
571 1374 750 1450 repulsam.

682 1648 770 1733 LIX
834 1687 842 1700 ·

428 1801 479 1861 Ad
492 1801 784 1872 archiepiscopum
800 1799 1027 1858 tremensem.

592 1925 757 1984 llebruarii
777 1928 856 1986 1227.

423 2020 566 2115 [inmun
577 2051 690 2102 swanus
700 2050 816 2113 upum„
825 2050 844 2107 t,
855 2049 910 2107 aaa,
922 2063 948 2098 n.
961 2047 1030 2111 aas]

331 2177 365 2235 ni
382 2176 508 2243 mandat,
520 2183 551 2232 ut
572 2183 629 2232 taur
645 2174 755 2232 clericis
767 2186 853 2245 quam
866 2173 947 2230 laicis
961 2174 1009 2246 qui
1029 2171 1124 2229 edne

366 2264 551 2321 larioscoitus
559 2263 752 2335 prolabuntur,
764 2262 959 2334 paenitentiam
969 2262 1123 2318 salutarem

368 2353 510 2424 injungat.

371 2473 1122 2552 Honoriusepiscopus,servassemorumbei,

331 2573 514 2636 venerabili
527 2573 660 2633 fratri...
677 2572 929 2650 archiepiscopo
944 2571 1122 2642 Lundensi,

333 2671 486 2741 salutem,
501 2672 563 2732 etc.

373 2768 493 2830 Petitio
509 2769 566 2828 tua
579 2767 674 2827 nobis
688 2766 887 2838 continebat,
905 2767 1027 2827 uicum
1041 2782 1127 2826 non-

339 2865 425 2925 nulli
437 2864 559 2924 subditi
571 2865 620 2926 tui
632 2864 700 2923 tam
713 2864 838 2935 clerici,
852 2879 950 2939 quam
962 2863 1039 2923 laici
1053 2863 1124 2923 sre-

339 2963 478 3042 quenter
510 2961 552 3021 ad
582 2961 730 3021 nefarios
762 2961 868 3022 coitus
897 2959 1125 3036 prolabantur,

337 3058 527 3120 nonsolum
560 3057 711 3132 personis
740 3057 803 3117 sibi
839 3057 1128 3132 consanguinitate

334 3156 532 3232 conjunctis,
550 3154 779 3215 verumetiam
801 3153 907 3214 brutis
927 3153 1127 3213 animalibus

334 3268 371 3314 se
383 3251 512 3313 nelarie
527 3250 780 3321 commiscenda
797 3264 837 3310 ac
849 3249 930 3309 illud
945 3266 1006 3310 nec
1020 3250 1129 3309 nomi-

334 3348 481 3409 nandum
508 3346 740 3407 committendo
777 3348 959 3422 peccatum,
995 3347 1129 3423 propter

334 3444 418 3522 quod
430 3444 587 3505 Dominus
598 3444 783 3509 Sodomam,
795 3446 1130 3505 etGomorramever·

334 3543 429 3603 sione
450 3541 631 3611 damnavit,
648 3540 828 3616 etquidem
853 3556 967 3601 eorum
994 3544 1130 3619 propter

333 3638 465 3697 viarum
492 3634 732 3711 longitudinem
761 3635 794 3694 et
817 3634 977 3711 pericula,
996 3635 1129 3711 quidam

334 3733 375 3794 ob
391 3732 625 3795 verecundiam
639 3732 723 3791 mori
739 3731 847 3807 potius
858 3732 984 3807 eligant
999 3733 1032 3791 in
1047 3749 1128 3808 pec-

335 3830 419 3891 catis
441 3828 643 3907 hujusmodi,
666 3844 762 3904 quam
779 3832 914 3906 propter
935 3830 997 3889 hoc
1016 3834 1129 3890 nostro

335 3944 372 3987 se
387 3926 576 4000 conspectui
593 3926 807 4000 praesentare,
825 3941 924 4001 super
938 3926 1002 3986 hoc
1017 3928 1131 4003 provi-

336 4024 415 4084 dere
430 4020 690 4081 misericorditer
700 4021 925 4096 dignaremur.
940 4024 1019 4082 Cum
1028 4023 1131 4097 igitur

335 4122 445 4195 major
456 4118 500 4179 sit
514 4118 620 4193 pietas
634 4117 759 4189 divina,
780 4134 879 4196 qnam
901 4118 1047 4180 humana
1062 4120 1129 4179 im-

337 4216 456 4294 pietas,
483 4216 658 4292 potiusque
693 4215 892 4292 sperandum
928 4216 972 4277 sit
1005 4216 1046 4277 de
1071 4216 1130 4276 Dei

336 4313 602 4383 mansuetudine,
628 4328 726 4388 quam
742 4313 782 4373 de
794 4315 989 4389 quusquam
1003 4312 1131 4388 peccati

338 4410 568 4485 magnitudine
583 4407 835 4485 desperandum,
849 4408 1051 4471 fraternitati
1066 4411 1131 4470 tuae

337 4505 552 4583 praesentium
565 4504 762 4565 auctoritate
784 4506 992 4578 mandamus,
1011 4506 1130 4581 quate-

337 4620 401 4665 nus
417 4603 608 4679 peccatores
637 4601 825 4676 hujusmodi
849 4616 1006 4677 arguens,
1032 4601 1132 4663 obse-

338 4715 450 4771 crans,
464 4700 641 4773 increpans
657 4697 795 4757 inomni
810 4698 983 4773 patientia,
1000 4699 1033 4759 et
1052 4697 1132 4758 doc-

305 4829 308 4834 <
337 4796 438 4867 trina,
455 4796 611 4871 injungas
624 4794 673 4854 eis
685 4795 915 4870 poeniteutiam
936 4794 1128 4866 salutarem,

338 4910 378 4954 eo
391 4892 539 4954 adhibito
552 4890 789 4961 moderamine,
807 4891 892 4968 quod
906 4907 968 4952 nec
987 4890 1130 4953 facilitas

339 4988 444 5049 nimia
459 4987 619 5066 peccandi
633 4987 807 5049 audaciam
819 4988 954 5059 tribuat,
980 5003 1041 5049 nec
1062 4988 1129 5048 im-

338 5084 511 5146 moderata
524 5084 685 5145 severitas
698 5084 963 5161 desperationem
982 5085 1128 5147 inducat.

339 5182 459 5244 Datum
478 5182 643 5253 Laterani,
661 5183 692 5242 II
713 5197 818 5241 nonas
834 5182 1004 5255 februarii,
1020 5182 1133 5259 ponti-

340 5278 458 5341 ficatus
477 5280 584 5341 nostri
596 5295 684 5341 anno
697 5279 884 5341 undecimo.

942 241 1119 304 HONORII
1142 245 1186 305 111
1208 247 1355 308 OPERA.

1539 417 1605 503 LX

1273 566 1867 641 AdorcbteptscopumLauadeusem.

1439 697 1456 753 t
1475 695 1607 754 februarii
1624 699 1701 756 2227.

1284 816 1427 882 [Liljegrem
1443 820 1549 870 Svenskt
1563 821 1635 884 dipl,
1654 823 1672 880 l,
1688 821 1742 882 229,
1755 825 1861 890 nala]

1176 941 1208 996 Ei
1221 942 1352 999 concedit
1365 944 1507 1002 licentiam
1520 945 1704 1018 dispensandi
1715 964 1780 1006 cum
1793 951 1846 1018 eis,
1860 953 1909 1022 qui
1922 967 1972 1008 sa·

1212 1044 1275 1086 cros
1292 1031 1405 1088 ordines
1426 1037 1664 1092 excommunicati
1678 1047 1865 1110 susceperunt
1879 1047 1908 1096 et
1926 1040 1972 1096 di-

1214 1119 1278 1176 vine
1312 1119 1405 1176 oldaia
1426 1121 1613 1192 celebrarunt,
1639 1125 1676 1182 ita
1705 1134 1813 1195 tomen,
1835 1128 1913 1198 quod
1936 1127 1975 1184 ad

1214 1221 1298 1264 casus
1317 1207 1426 1266 tuturos
1447 1211 1577 1267 eamdem
1593 1213 1736 1270 licentiam
1753 1229 1810 1272 non
1825 1216 1974 1272 extendat.

1216 1344 1382 1404 Honorius
1392 1345 1701 1421 episcopusservus
1712 1365 1884 1411 servorum
1897 1352 1972 1422 Dei,

1177 1440 1361 1502 venerabili
1376 1441 1508 1504 fratri...
1523 1444 1774 1523 archiepiscopo
1789 1447 1973 1520 Lundensi,

1178 1536 1329 1606 salutem,
1343 1541 1405 1600 etc.

1219 1635 1265 1693 De
1293 1635 1499 1696 subditorum
1531 1638 1664 1700 tuorum
1693 1641 1799 1702 salute
1828 1641 1974 1704 sollicite

1179 1729 1382 1805 supplicasti,
1399 1733 1434 1792 ut
1448 1749 1522 1792 cum
1543 1735 1697 1796 nonnulli
1723 1751 1838 1797 eorum
1856 1753 1973 1800 sacros

1178 1826 1312 1887 ordines
1333 1831 1610 1892 excommunicati
1633 1834 1840 1910 susceperint
1859 1837 1896 1912 'et
1919 1834 1976 1893 di-

1178 1923 1256 1984 vina
1280 1924 1390 1986 ostiola
1415 1925 1627 2000 celebrarint,
1657 1930 1870 2006 dispensandi
1896 1947 1973 1991 cum

1179 2021 1239 2092 eis,
1253 2037 1327 2083 cum
1343 2025 1476 2099 propter
1490 2025 1620 2086 viarum
1642 2027 1834 2090 discrimina
1854 2030 1974 2089 venire

1179 2117 1457 2195 adapostolicam
1475 2120 1591 2182 Sedem
1613 2123 1685 2184 sine
1703 2125 1805 2186 nimia
1827 2125 1976 2186 difficul-

1178 2217 1245 2276 tate
1271 2232 1338 2278 non
1363 2217 1501 2292 possint,
1525 2218 1694 2282 licentiam
1708 2221 1768 2282 tibi
1791 2223 1976 2284 concedere

1179 2311 1403 2387 dignaremur.
1420 2315 1576 2376 volentes
1591 2317 1693 2391 igitur
1712 2319 1872 2380 eteorum
1895 2334 1978 2396 pro-

1179 2408 1293 2469 videre
1313 2410 1423 2482 saluti,
1441 2414 1474 2473 at
1487 2412 1577 2490 ipsos
1596 2413 1637 2472 ad
1654 2413 1861 2477 devotionem
1881 2419 1977 2478 tuam

1181 2520 1240 2582 per
1255 2506 1444 2582 hujusmodl
1458 2508 1610 2570 beneficii
1620 2511 1762 2585 gratiam
1779 2527 1975 2588 provocare,

1181 2604 1376 2665 auctoritate
1391 2601 1451 2664 t'ibi
1474 2609 1687 2681 praesentium
1704 2611 1916 2671 concedimus
1931 2611 1978 2671 li-

1181 2701 1321 2763 centiam
1337 2700 1547 2776 postulatam,
1561 2704 1608 2766 ita
1620 2705 1742 2778 umen,
1760 2707 1844 2783 quod
1860 2708 1901 2768 ad
1917 2723 1979 2768 ca-

1181 2814 1238 2860 sus
1253 2797 1380 2858 tuturos
1396 2800 1544 2862 eamdem
1574 2801 1741 2865 licentiam
1766 2819 1832 2865 non
1856 2807 1980 2866 exten-

1183 2895 1252 2958 das.
1281 2897 1399 2958 Datum
1425 2899 1593 2970 Laterani,
1611 2902 1640 2960 ΙΙ
1666 2916 1772 2962 nonas
1798 2901 1974 2976 februarii,

1182 2993 1392 3070 pontificatus
1408 2997 1513 3056 nostri
1528 3011 1616 3059 anno
1632 2998 1817 3060 undecimo.

1222 3388 1275 3447 Ad
1288 3390 1441 3449 abbatem
1455 3391 1489 3451 ct
1506 3392 1713 3453 concentum
1731 3394 1938 3455 rnortastcrii

1341 3488 1376 3547 S.
1388 3489 1564 3547 Benedicti
1575 3491 1814 3551 Florlaceustc.

1445 3628 1460 3682 7
1480 3624 1613 3682 fabruarii
1631 3628 1709 3684 2227.

1216 3746 1333 3811 [Regest.,
1344 3748 1388 3798 lib.
1400 3748 1444 3806 xl,
1455 3749 1527 3812 epist.
1537 3750 1592 3801 tto.
1606 3752 1663 3801 llss.
1677 3750 1712 3799 La
1722 3752 1796 3801 Porto
1808 3752 1947 3817 dothain]

1186 3880 1317 3953 indulget
1335 3882 1378 3937 eis
1396 3896 1433 3938 ne
1452 3882 1525 3953 quis,
1538 3889 1635 3939 contra
1657 3883 1804 3957 privilegia
1820 3884 1889 3956 ipsis
1906 3900 1977 3943 con·

1220 3964 1300 4025 'cessa
1321 3970 1348 4025 ln
1371 3970 1496 4042 ipsorum
1511 3968 1652 4039 homines,
1665 3974 1820 4031 sententias
1836 3974 1978 4032 interdicti

1221 4054 1294 4113 serre
1309 4064 1472 4131 praesumat.
1915 4059 1919 4069 '

1225 4192 1402 4265 Honorius,
1431 4194 1505 4265 etc,
1534 4192 1665 4255 dilectis
1691 4193 1769 4255 filiis
1795 4195 1921 4269 abbati,
1946 4199 1978 4257 et

1186 4291 1363 4351 conventui
1376 4290 1568 4351 monasterii
1584 4292 1696 4352 Sancti
1711 4293 1879 4353 Benedicti
1895 4294 1977 4353 Flo-

1186 4388 1358 4459 riacensis,
1382 4388 1799 4465 salutemetllpostolicam
1814 4388 1976 4451 benedie-

1185 4485 1320 4546 tionem.

1226 4580 1377 4642 Debitum
1399 4580 1575 4654 pastoralis
1600 4580 1701 4641 cilicii
1722 4582 1801 4641 tunc
1822 4581 1979 4643 decenter

1186 4676 1401 4754 exsequimur
1421 4691 1520 4751 quum
1541 4676 1713 4738 evellenda
1737 4677 1923 4750 evellimus,
1947 4681 1980 4739 et

1187 4774 1360 4848 dirigimus
1371 4772 1545 4833 indirecta.
1570 4772 1686 4834 Oblata
1702 4772 1798 4835 nobis
1813 4790 1856 4835 ex
1883 4778 1980 4851 parte

1185 4872 1296 4931 restra
1320 4868 1433 4947 petitio
1454 4869 1654 4942 continebat,
1678 4870 1764 4947 quod
1788 4871 1980 4947 episcopus,

1185 4966 1434 5028 Aurelianensis
1445 4966 1608 5039 dioeoesis,
1623 4966 1656 5026 in
1667 4968 1982 5044 quamonasterium

1184 5065 1331 5126 restrum
1347 5063 1507 5135 consistit,
1525 5079 1626 5141 super
1640 5064 1751 5125 causis
1766 5080 1849 5141 quas
1862 5068 1982 5127 contra

1184 5160 1421 5223 vosinterdum
1437 5176 1472 5221 se
1498 5160 1621 5222 babere
1645 5162 1834 5239 proponunt
1862 5178 1981 5223 eorum

1186 5258 1258 5319 aisti
1275 5258 1402 5335 judicio
1429 5258 1625 5322 auctoritate
1647 5257 1782 5335 propria
1805 5274 1865 5319 vos
1888 5276 1983 5319 com-

1186 5355 1325 5433 pellunt,
1340 5356 1453 5431 sicque
1466 5354 1627 5430 contingit
1641 5354 1774 5431 saepius,
1791 5354 1878 5430 quod
1902 5355 1982 5415 dum

1186 5454 1234 5514 sic
1249 5469 1285 5513 ae
1300 5452 1504 5514 constituunt
1514 5452 1655 5528 judices,
1679 5452 1712 5533 et
1735 5452 1877 5518 actores,
1901 5454 1983 5528 quia
2081 5456 2082 5473 ¹

1186 5566 1250 5609 non
1266 5550 1366 5610 vultis
1379 5563 1489 5609 coram
1503 5549 1584 5624 ipsis
1599 5547 1853 5622 taliterlitigare
1866 5548 1900 5607 in
1917 5550 1984 5611 ter-
