4217 6400
139 259 190 313 tat
800 257 914 312 INDEX
933 257 1194 313 maTanRUM.

137 443 184 500 Ad
200 445 368 519 magistrum
382 452 411 504 44
424 445 524 504 fratres
537 445 644 504 militiae
657 446 759 502 Christi
774 447 803 503 in
818 445 867 501 Li·
921 374 973 425 GM·
1022 445 1064 500 Ad
1081 455 1284 520 potestatemet
1300 447 1429 522 populum
1444 447 1644 506 Urbevetanos.

180 527 282 582 aonia.
901 524 971 580 Ibid.
1022 525 1064 580 Ad
1081 530 1201 598 priorem
1215 536 1244 583 et
1255 528 1383 585 abbatem
1393 527 1428 586 de
1440 528 1505 600 Los,
1517 528 1621 586 ordinis
1634 529 1735 586 Cister-

137 604 183 658 ad
201 606 284 661 cives
297 604 476 662 Lubicensee.
921 607 971 660 444
1057 607 1169 665 4444444.

137 685 184 740 Ad
200 685 334 743 abbatem
354 686 513 742 monasterii
530 687 640 745 Sanctae
658 688 755 745 Marias
769 685 866 744 Lucio·
1021 684 1064 739 Ad
1076 688 1237 761 episcopum
1249 688 1412 744 Meteusem.

176 767 294 836 nensis,
308 765 483 823 Pictaveusis
497 766 634 824 dimcesis.
920 765 972 819 445
1020 765 1063 819 Ad
1077 768 1252 840 episcopum,
1274 765 1409 823 decanum
1430 773 1458 823 et
1478 773 1621 823 cautorem
1636 768 1736 824 Zamn-

136 844 184 900 Ad
212 846 344 902 abbatem
369 854 397 903 et
419 855 587 904 conventum
609 847 766 904 monasterii
789 845 866 904 Zvit-
1058 860 1161 902 444444.

177 925 289 982 densis.
919 927 971 980 446
1019 923 1062 977 Ad
1077 925 1238 1000 episcopum
1252 925 1421 981 74444444.

137 1004 184 1060 Ad
200 1005 334 1063 abbatem
348 1014 377 1064 et
389 1007 507 1080 priorem
520 1007 679 1064 monasterii
694 1006 861 1080 Ursicampi,
1019 1004 1061 1058 hd
1078 1004 1275 1063 scholasticum
1290 1007 1320 1061 S.
1336 1004 1416 1062 Pauli
1426 1005 1620 1074 Trcvsreusis,
1632 1014 1660 1061 et
1674 1007 1735 1062 Hu-

176 1085 377 1142 Gistercieusis
387 1087 504 1144 ordinis.
920 1084 970 1139 447
1054 1098 1153 1155 genem
1166 1085 1361 1156 Burgiensem,
1374 1091 1402 1140 et
1417 1084 1579 1155 magistrum
1590 1085 1681 1158 Goyn,
1692 1101 1736 1143 ca-

136 1161 185 1218 Ad
207 1162 429 1235 thesaurarium,
446 1171 588 1222 cantorem
607 1171 635 1221 et
654 1164 798 1221 officialem
817 1163 864 1218 Ni·
1054 1163 1184 1218 nomicum
1200 1164 1374 1219 Remensem.

179 1257 344 1301 verneuses.
900 1241 969 1298 ibid.
1017 1240 1060 1294 nd
1075 1240 1203 1299 abbatem
1220 1242 1378 1299 monasterii
1395 1244 1505 1300 Sanctae
1517 1242 1625 1299 Crucis.

137 1320 186 1376 Ad
201 1321 305 1378 fratres
319 1323 425 1380 44444444
437 1322 540 1380 Christi
552 1323 581 1379 in
594 1321 718 1382 Livouia.
918 1322 969 1377 449
1017 1319 1060 1373 Ad
1076 1320 1247 1377 Fridericum
1261 1323 1450 1379 Romanorum
1462 1322 1666 1394 imperatorem.

137 1401 185 1456 Ad
201 1403 374 1475 Episcopum
389 1404 549 1475 Rigeusem.
919 1402 970 1457 459
1018 1399 1061 1454 Ad
1076 1415 1171 1456 ornnes
1188 1401 1303 1474 populos
1318 1418 1366 1474 per
1389 1402 1583 1475 patrimonium
1602 1401 1735 1461 Ecclesiae

137 1479 185 1536 Ad
204 1483 370 1554 magistrum
384 1489 412 1538 44
428 1482 526 1538 iratres
542 1481 648 1539 miiitiae
660 1480 773 1538 Christi.
919 1482 966 1535 454
1055 1479 1189 1537 Romanae
1202 1483 1379 1538 constitutos.

137 1561 186 1616 Ad
202 1576 382 1619 communem
392 1562 516 1618 civitatis
528 1562 669 1633 Rigensis.
919 1562 970 1616 453
1019 1557 1062 1612 Ad
1077 1560 1201 1615 consules
1216 1566 1244 1616 et
1259 1561 1388 1634 poputum
1401 1562 1571 1618 Tiburtium.

139 1641 187 1696 Ad
204 1642 369 1714 episcopum
383 1642 628 1698 cenomanensem.
919 1642 970 1696 456
1019 1637 1060 1692 hd
1077 1639 1247 1697 Fridericum
1257 1642 1444 1698 Romanorum
1458 1643 1662 1714 imperatorem.

137 1720 185 1774 Ad
201 1719 334 1776 abbatem
353 1729 382 1777 44
402 1729 568 1778 conventum
581 1721 673 1777 beata
688 1721 788 1777 Mariae
804 1719 864 1776 4444-
1018 1717 1061 1770 Ad
1076 1719 1316 1793 archiepiscopum
1329 1721 1512 1776 Lundeneem.

177 1800 288 1869 sensis,
300 1801 404 1857 ordinis
417 1802 511 1858 Sancti
526 1800 684 1872 Augustini.
919 1800 970 1855 457
1019 1795 1061 1850 Ad
1076 1797 1315 1872 archiepiscopum
1330 1800 1513 1856 hundensem.

138 1880 186 1935 Ad
200 1879 367 1948 iohannem,
378 1880 616 1953 archiepiscopum
629 1878 861 1936 Bisuntiuensem.
898 1878 968 1936 Ibid.
1018 1875 1060 1932 Ad
1076 1875 1204 1934 abbatem
1223 1884 1252 1934 44
1269 1885 1435 1936 conventum
1456 1880 1615 1937 monasterii
1632 1882 1659 1936 S.
1678 1882 1733 1937 Be-

136 1958 186 2014 nd
202 1959 332 2016 abbatem
349 1961 378 2015 S.
391 1959 553 2028 Genoveim,
572 1959 796 2016 archidiaconum
812 1959 862 2016 Pa·
1055 1955 1365 2014 nedictiF10riacensis.

177 2039 343 2107 risiensem,
359 2046 387 2094 44
402 2038 554 2096 Mathaeum
568 2039 702 2096 iohannis
723 2039 862 2112 Elperiui,
1019 2034 1061 2089 Ad
1076 2039 1111 2090 Α.
1127 2038 1305 2109 praepositum
1317 2037 1504 2094 orodiensem.

178 2118 381 2175 Belvaceneem
392 2120 567 2175 canonicum.
918 2120 969 2174 458
1018 2113 1060 2169 ad
1075 2115 1236 2189 episcopum
1254 2117 1451 2173 Moriuensem.

1791 263 1844 317 222

1792 381 1843 432 644.

1791 453 1842 508 479

1792 612 1842 666 489

1772 687 1841 744 ibid.

1791 848 1838 903 484

1789 929 1840 985 482

1784 1169 1836 1224 483

1784 1247 1835 1302 485

1788 1327 1841 1382 tat

1789 1486 1843 1539 487

1790 1565 1841 1618 488

1789 1646 1841 1699 489

1791 1723 1836 1776 494

1790 1804 1841 1860 ⁴92

1768 1959 1839 2016 lhid.

1787 2042 1840 2095 493

1787 2120 1838 2173 494

138 2197 186 2254 nd
202 2197 241 2254 de
252 2198 385 2254 Fontibus
398 2205 426 2254 44
436 2198 471 2253 de
483 2198 616 2256 Rievaiiis
628 2196 753 2269 abbates,
764 2199 864 2256 Cister—
1018 2193 1061 2248 Ad
1076 2193 1264 2264 Fridericum,
1280 2196 1469 2252 Romanorum
1481 2197 1689 2268 imperatorem.
1771 2196 1840 2253 Ibid.

178 2278 284 2334 ciensis
299 2277 418 2346 ordinis,
432 2279 615 2335 Eboraceusis
626 2277 765 2336 dioecesis.
918 2278 969 2332 459
1017 2273 1061 2328 Ad
1075 2276 1274 2331 monasterium
1286 2275 1454 2348 Ursicampi.

138 2357 185 2413 Ad
204 2358 366 2430 episcopum
379 2358 588 2415 Nivernensem.
917 2361 969 2414 466
1017 2354 1060 2410 Ad
1076 2355 1314 2428 archiepiscopum
1330 2356 1534 2426 Maguntinum.

138 2437 187 2492 Ad
204 2436 351 2510 episcopos
365 2439 510 2494 astensem
524 2445 552 2494 44
566 2437 724 2495 Albenscm.
918 2441 964 2493 464
1018 2433 1060 2489 Ad
1075 2435 1218 2492 universos
1238 2435 1339 2491 christi
1358 2435 1452 2492 fideles
1473 2454 1522 2508 per
1540 2438 1733 2509 Magantinam

138 2516 187 2571 Ad
203 2517 366 2589 episcopum
381 2519 581 2574 Florentinum.
918 2521 968 2571 464
1054 2515 1225 2586 provinciam
1241 2515 1417 2570 constitutos.

139 2595 187 2650 Ad
204 2595 443 2668 archiepiscopum
458 2598 643 2652 Bisuntinum.
918 2597 968 2649 463
1017 2592 1059 2648 Ad
1076 2601 1239 2666 potestatem
1250 2601 1277 2648 et
1289 2594 1419 2666 populum
1434 2594 1652 2652 Camerinenses.

140 2675 188 2730 Ad
210 2681 333 2730 rectores
354 2675 495 2730 societatis
515 2675 703 2743 Lomhardiae,
729 2674 862 2730 Marchirs
1017 2671 1059 2726 Ad
1075 2680 1237 2743 potestatem
1254 2682 1281 2726 et
1297 2687 1442 2729 commune
1455 2674 1653 2731 Ariminenses.

180 2768 218 2810 ac
230 2751 411 2808 Romanioiae.
917 2752 967 2807 465
1015 2751 1058 2807 Ad
1074 2753 1250 2825 episcopum,
1270 2752 1441 2808 Bernardum
1460 2752 1660 2810 subdiaconum
1681 2771 1734 2810 no-

140 2832 189 2888 Ad
201 2831 331 2890 abbatem
341 2838 368 2887 et
378 2836 545 2889 4444444444
555 2831 665 2889 8444444
675 2831 773 2889 Mariae
784 2832 861 2887 Mon·
1051 2839 1156 2902 strum,
1169 2839 1197 2888 st
1210 2831 1414 2902 Sigoedulium,
1428 2833 1576 2889 canonicos
1588 2834 1728 2890 Reatinos.

183 2914 222 2969 tis
236 2912 352 2968 Mirieti.
917 2911 967 2965 468
1016 2909 1060 2965 ad
1076 2912 1213 2982 priorem,
1228 2919 1370 2968 cantorem
1383 2919 1411 2968 et
1424 2921 1615 2969 succentorem
1625 2914 1656 2971 S.
1670 2915 1732 2970 Ra-

142 2991 190 3048 Ad
205 2992 374 3050 abbatemet
388 2998 554 3050 conventum
566 2992 676 3049 Sanctae
692 2991 798 3062 Crucis,
813 2991 863 3048 Pa·
1050 2988 1186 3060 deguudis
1199 2989 1383 3046 Pictavensis.

184 3071 462 3129 taviensisdioecesis.
803 3129 814 3144 ,
917 3073 968 3125 469
1015 3067 1429 3136 aucuristianum,deoaoum
1446 3069 1651 3142 Maguntinum.

142 3149 191 3207 Ad
215 3151 392 3226 prepositum
417 3151 530 3224 majoris
549 3152 674 3211 ecciesiae
695 3159 723 3209 44
742 3151 862 3209 decanos
1015 3149 1059 3206 Ad
1073 3149 1228 3208 44444444
1239 3148 1368 3206 4444444
1379 3151 1408 3206 S.
1425 3150 1541 3223 bertini,
1555 3151 1669 3226 ejusque
1681 3151 1734 3211 ira-

183 3230 474 3304 ejusdemecciesiaeet
485 3233 514 3288 S.
526 3233 658 3305 Stephani
670 3234 859 3303 Meguntinos.
895 3230 965 3288 Ibid.
1051 3236 1122 3287 4444.

142 3311 190 3366 Ad
201 3312 337 3384 Ugrinum
350 3312 588 3385 archiepiscopum
602 3319 631 3369 44
643 3312 797 3385 capitulum
811 3312 862 3367 Co
1015 3310 1059 3365 Ad
1074 3310 1269 3367 Niconiensem
1284 3308 1533 3382 archiepiscopum.

182 3390 317 3449 locenses.
916 3392 967 3446 474
1015 3389 1058 3445 Ad
1074 3391 1258 3463 patriarcham
1279 3389 1560 3462 hierosolymitanum
1577 3398 1606 3448 44
1622 3393 1733 3464 cpisco-

142 3470 190 3525 ad
201 3472 422 3546 archiepiscopos
435 3478 464 3528 et
473 3471 633 3543 episcopos,
646 3469 762 3528 comites
775 3476 804 3527 et
815 3470 862 3528 ha·
1051 3486 1117 3542 pum
1131 3475 1331 3526 acconensem.

183 3566 265 3607 roues
280 3568 328 3625 per
343 3552 513 3625 Hungariam
529 3551 705 3607 constitutos.
915 3551 962 3605 474
1015 3550 1058 3605 Ad
1082 3549 1253 3606 Fridericum
1276 3550 1465 3605 Romanorum
1486 3549 1681 3623 imperatorem
1704 3558 1732 3607 44

143 3628 190 3685 Ad
204 3632 441 3703 archiepiscopum
457 3630 647 3686 Coiecensem.
915 3632 966 3684 473
1050 3645 1143 3701 regem
1157 3629 1269 3685 Siciliae.

143 3710 190 3765 ad
203 3712 363 3783 episcopum
380 3712 600 3768 Wintonensem.
915 3710 967 3764 474
1015 3709 1196 3765 sanctissimo
1210 3709 1240 3764 iu
1254 3706 1365 3763 Christo
1383 3706 1476 3778 Patri,
1496 3713 1525 3764 44
1545 3709 1662 3766 Domino
1679 3710 1733 3766 Re·

142 3790 190 3845 Ad
211 3790 448 3865 archiepiscopum
472 3793 651 3849 Bremensem
675 3796 704 3848 ct
731 3788 859 3847 abbatem
1050 3790 1170 3846 verendo
1186 3789 1317 3858 Honorio,
1329 3794 1512 3845 sacrosanctas
1525 3789 1659 3847 Romanae
1674 3793 1731 3847 Ec-

183 3871 356 3926 Stadcnsem.
895 3868 965 3925 ibid.
1050 3869 1143 3927 cicsiae
1159 3884 1282 3937 summo,
1307 3876 1334 3925 et
1355 3868 1503 3925 universati
1525 3868 1645 3926 Pontihc
1675 3866 1733 3927 Re-

143 3947 189 4004 nd
214 3949 368 4006 iohannem
392 3957 487 4005 uatum
513 3951 691 4022 Margaritae,
720 3948 860 4023 quondam
1051 3958 1142 4007 ctores
1162 3949 1303 4006 societatis
1322 3947 1514 4019 Lombardiae,
1535 3950 1687 4023 Marcbiae,
1704 3959 1732 4007 et

182 4027 493 4099 Constantinopolitanae
507 4028 702 4100 imperatricis.
915 4030 967 4086 475
1050 4030 1223 4089 Romauioiae
1248 4036 1361 4101 totaque
1387 4028 1447 4101 ipsa
1472 4029 1591 4086 societas
1614 4029 1731 4087 fratrum

142 4105 189 4163 Ad
203 4106 388 4164 Tbeutonicos
399 4107 475 4163 cives
488 4106 523 4163 de
535 4107 634 4163 Visbu.
915 4111 966 4167 476
1052 4112 1151 4185 pedum
1165 4110 1288 4167 osculum
1299 4122 1362 4164 cum
1377 4106 1469 4163 debito
1485 4108 1629 4166 famulatu.

142 4186 187 4242 Ad
201 4187 362 4261 episcopum
376 4186 555 4243 [isculanum.
915 4190 966 4244 477
1015 4193 1059 4248 Ad
1073 4196 1247 4261 lismensem,
1259 4186 1453 4259 Parisieusem,
1466 4188 1590 4262 aliosque
1599 4189 1727 4248 canonic.

142 4265 188 4321 nd
203 4268 439 4340 universosreges
449 4266 572 4324 Russiae.
915 4269 966 4327 478
1052 4271 1183 4344 44444444.

1790 2280 1842 2333 tat

1789 2358 1840 2412 496

1769 2516 1838 2572 Ibid.

1787 2598 1839 2651 497

1788 2678 1840 2731 498

1786 2836 1838 2890 499

1787 2997 1840 3052 200

1787 3075 1836 3130 att

1785 3232 1838 3290 202

1785 3316 1836 3371 208

1768 3472 1837 3528 ibid.

1767 3629 1836 3687 ibid.

1786 4112 1832 4168 744

1785 4269 1836 4324 hii
