4217 6400
151 319 194 379 77
778 317 1006 379 EPISTOLAE.
1038 318 1117 378 LlB.
1139 319 1180 378 X.
1754 325 1796 384 78

148 490 390 553 quemcumque
415 475 601 537 malueritis
626 475 827 536 catholicum
851 476 944 538 adire
998 478 1085 548 sunt,
1111 477 1227 537 usibus
1253 479 1451 541 omnimodis
1483 480 1668 557 profutura,
1702 480 1798 546 salva

146 573 342 644 antistitem,
357 573 497 647 gratiam
512 573 545 634 et
560 573 823 634 communionem
837 575 945 650 Apos-
999 575 1094 636 Sedis
1114 559 1313 652 apostolice
1328 579 1527 640 auctoritate
1554 579 1587 640 et
1613 579 1795 641 dioecesani
1816 624 1822 635 s

145 669 258 732 tolicae
284 669 378 732 Sedis
407 669 592 742 habentem,
619 671 676 746 qui
702 672 815 731 nostra
839 665 943 730 fretus
997 672 1145 749 episcopi
1158 674 1319 734 canonica
1329 676 1479 750 Justitia3
1497 676 1531 738 si.
1542 691 1608 752 qua
1631 676 1734 751 igitur
1759 677 1793 752 ip

146 768 357 838 auctoritate,
373 766 479 837 vobis,
497 767 582 843 quod
595 767 791 842 postulatur,
807 767 942 843 impen-
997 767 1145 830 futurum
1168 759 1397 832 ecclesiastica
1422 773 1635 834 saecularisve
1650 789 1794 850 persona

145 863 215 924 dat.
230 863 450 924 Prohibemus
476 863 613 940 insuper
628 865 662 924 ut
681 863 769 923 infra
785 863 867 924 fines
882 880 943 940 pa·
997 864 1083 926 banc
1098 867 1221 927 nostrae
1240 867 1484 928 constitutionis
1500 870 1655 945 paginam
1671 870 1792 944 sciens,

145 959 273 1021 roobiae
287 960 407 1022 vestrae
422 961 533 1021 nullus
563 961 635 1021 sine
659 976 798 1022 assensu
817 961 942 1022 dioece-
997 962 1114 1021 contre
1128 975 1202 1022 eam
1215 961 1332 1022 venire
1353 963 1541 1033 tentaverit,
1561 964 1706 1025 secundo
1725 966 1796 1026 ter·

145 1056 221 1118 sani
237 1055 383 1132 episcopi
410 1058 444 1117 et
461 1057 583 1129 vestro,
609 1057 772 1132 capellam
787 1071 846 1116 seu
860 1072 941 1117 ora·
997 1056 1086 1118 tiore
1108 1058 1319 1126 commonita,
1345 1059 1412 1117 nisi
1440 1061 1567 1119 reatum
1591 1077 1688 1122 suum
1710 1077 1793 1122 con-

143 1151 269 1214 terium
296 1153 337 1215 de
364 1167 449 1214 novo
472 1155 666 1214 construere
680 1153 822 1224 audeat,
839 1153 941 1214 salvis
996 1167 1080 1226 grue
1093 1153 1320 1215 satisfactione
1334 1156 1530 1228 correxerit,
1547 1157 1719 1232 potestatis
1732 1158 1790 1218 ho·

145 1250 334 1325 privilegiis
350 1249 546 1310 Pontificum
560 1251 796 1312 Romanorum.
812 1251 941 1310 Adhaec
996 1249 1153 1326 morisque
1168 1250 1221 1310 sui
1242 1252 1356 1313 careat
1377 1252 1555 1328 dignitat03
1583 1267 1742 1333 reamque
1756 1270 1793 1315 se
1899 1252 1937 1273 '¹

145 1359 252 1407 novas
267 1348 299 1409 et
313 1345 477 1407 indebitas
492 1346 684 1406 exactiones
701 1346 742 1406 ab
755 1347 942 1423 archiepis·
996 1345 1109 1407 divino
1118 1346 1245 1423 jndicio
1260 1347 1405 1409 existere
1419 1348 1459 1408 de
1472 1350 1660 1424 perpetrata
1671 1350 1791 1426 iniqni-

144 1443 249 1519 copis,
265 1443 441 1519 episcopis,
459 1443 704 1503 archidiaconis
717 1459 776 1504 sen
791 1443 938 1514 decenis,
994 1442 1063 1503 tate
1077 1445 1266 1518 cognoscat,
1287 1446 1321 1507 et
1333 1460 1354 1505 a
1366 1445 1594 1506 sacratissimo
1608 1461 1747 1523 corpore
1760 1446 1794 1509 et

144 1539 288 1616 aliisque
321 1538 474 1599 omnibus
497 1539 735 1601 ecclesiasticis
764 1541 938 1600 saeculari·
996 1537 1159 1611 sanguiue
1173 1538 1234 1598 Dei
1244 1554 1284 1599 ac
1296 1539 1428 1599 Domini
1446 1542 1527 1600 lesu
1541 1540 1664 1600 Christi
1678 1540 1791 1602 aliena

141 1633 940 1712 busvepersonisomninofieripronihemusse-
995 1631 1188 1710 inantque
1217 1635 1252 1694 in
1282 1637 1432 1696 extremo
1460 1635 1616 1696 examine
1635 1635 1794 1698 districtas

143 1733 311 1812 pulturam
334 1749 462 1811 quoque
484 1733 589 1809 ipsius
618 1732 682 1794 loci
702 1732 842 1794 liberam
866 1749 939 1794 esse
994 1729 1166 1806 subjaceat
1180 1731 1310 1792 ultioni.
1323 1732 1457 1794 Cunctis
1470 1733 1580 1793 autem
1595 1734 1703 1794 eidem
1718 1733 1792 1794 loco

142 1830 365 1901 decernimus,
383 1831 419 1890 ut
431 1845 545 1890 eorum
558 1828 727 1890 devotioni
737 1831 768 1890 et
783 1830 939 1891 extremae
994 1841 1054 1887 sua
1072 1829 1151 1903 jnra
1167 1828 1390 1900 servantibus,
1417 1829 1460 1890 sit
1484 1845 1551 1904 pax
1564 1830 1696 1890 Domini
1712 1846 1791 1890 nos-

141 1926 308 1988 voluntati
319 1927 375 2002 qui
386 1943 421 1987 se
435 1926 504 1987 illic
522 1926 937 2003 sepelirideliberaverint,
993 1923 1037 1984 tri
1058 1926 1139 1984 Jesu
1162 1924 1297 1996 Christi,
1323 1925 1485 2002 quatenus
1512 1931 1545 1988 et
1571 1926 1625 1986 hic
1647 1927 1790 1988 fructum

141 2023 211 2084 nisi
221 2023 305 2084 forte
318 2022 596 2084 excommunicati
611 2023 667 2084 vel
681 2023 849 2083 interdicti
861 2023 936 2094 sint,
993 2020 1088 2080 bonae
1114 2019 1257 2081 actionis
1284 2023 1480 2098 percipiant,
1517 2024 1551 2084 et
1574 2023 1660 2099 apud
1683 2026 1788 2084 Deum

141 2119 423 2192 nullusobsistat,
437 2120 790 2197 salvatamenjustitia
804 2120 938 2180 illarum
994 2116 1179 2178 districtum
1203 2118 1351 2193 judicem
1374 2121 1513 2196 praemia
1536 2126 1672 2182 aeternae
1695 2121 1788 2198 pacis

141 2216 359 2278 ecclesiarum
380 2233 400 2277 a
423 2216 543 2293 quibus
569 2219 774 2277 mortuorum
798 2231 938 2293 corpora
992 2213 1176 2274 inveniant.
1192 2218 1309 2275 Amen.

141 2315 368 2376 assumuntur.
385 2314 537 2374 Decimae
561 2314 722 2389 praeterea
750 2315 782 2374 et
800 2328 936 2390 posses·
1031 2313 1100 2385 Ego
1121 2311 1300 2383 Honorius,
1325 2312 1500 2374 catholicae
1519 2313 1677 2374 Ecclesiae
1696 2313 1789 2389 epis·

142 2410 254 2470 siones
269 2409 310 2470 ad
327 2413 383 2486 jus
402 2409 620 2470 ecclesiarum
640 2410 826 2471 vestrarum
842 2423 938 2485 spec·
992 2421 1108 2483 copus.

140 2505 251 2568 tentes
267 2521 340 2583 qrrae
353 2506 478 2567 alaicis
492 2505 691 2577 detinentur,
705 2505 889 2566 redimendi
905 2507 938 2567 et
1031 2507 1100 2580 Ego
1123 2505 1240 2577 Guala,
1271 2506 1384 2568 Sancti
1408 2506 1544 2568 Martini
1568 2505 1676 2582 presb.
1695 2507 1786 2568 card.

141 2603 290 2679 legitime
304 2603 468 2664 liberandi
483 2603 524 2663 de
539 2602 691 2664 manibus
707 2618 832 2674 eorum,
851 2604 883 2665 et
895 2603 936 2664 ad
967 2643 968 2648 κ
990 2600 1042 2663 tit.
1057 2602 1192 2677 Equitii.

141 2701 302 2762 ecclesias
323 2700 363 2760 ad
390 2715 471 2776 quas
495 2697 662 2776 pertinent
681 2699 870 2770 revocandi,
894 2699 937 2759 li·
1031 2699 1100 2773 Ego
1114 2698 1269 2764 Thomas,
1282 2700 1412 2760 Sanctae
1424 2700 1556 2762 Sabinae
1571 2700 1679 2776 presb.
1694 2702 1785 2762 card.

141 2797 223 2860 bere
239 2799 282 2858 sit
296 2796 390 2858 vobis
412 2795 453 2856 de
474 2797 589 2857 nostra
611 2796 808 2858 auctoritate
830 2795 938 2857 facul·
1031 2795 1100 2870 Ego
1114 2795 1221 2871 Ilugo,
1232 2795 1401 2864 ¹Ostiensis
1419 2798 1453 2859 et
1466 2796 1684 2858 velletrensis
1698 2798 1790 2875 epis-

141 2898 207 2956 tas.
235 2893 383 2955 Obeunte
408 2908 489 2954 vero
522 2894 566 2966 te,
594 2908 684 2953 nunc
701 2893 850 2970 ejusdem
870 2893 937 2954 loci
991 2903 1105 2968 copus.

142 2991 273 3065 abbate,
296 2991 500 3053 veltuorum
524 2989 671 3068 quolibet
694 3005 934 3064 successorum,
1031 2989 1099 3062 Ego
1114 2986 1283 3064 Pelagius,
1297 2989 1445 3050 Albanus
1459 2990 1647 3066 episcopus.

141 3089 254 3149 nullus
272 3087 319 3148 ibi
334 3086 480 3164 qualibet
501 3087 725 3164 subreptionis
740 3086 863 3149 astutia
877 3101 937 3148 seu
1031 3087 1099 3161 ligo
1112 3086 1282 3158 Nimiam,
1294 3087 1501 3148 Tusculanus
1516 3088 1705 3164 episcopus.

141 3185 303 3249 violentia
331 3185 555 3262 praeponatur,
594 3185 659 3245 nisi
692 3202 787 3263 quem
816 3184 937 3249 fratres
1031 3184 1100 3259 Ego
1114 3183 1292 3256 oliverius,
1309 3184 1504 3246 sabinensis
1527 3185 1714 3263 episcopus.

142 3282 311 3345 communi
326 3298 491 3343 consensu
517 3281 571 3342 vel
594 3280 733 3343 fratrum
754 3298 832 3359 pars
856 3296 938 3344 con·
1031 3283 1100 3356 Ego
1110 3282 1322 3355 Octavianus,
1337 3284 1394 3343 SS.
1408 3283 1517 3360 Sergii
1529 3284 1561 3345 et
1570 3284 1693 3345 Bacchi
1702 3283 1788 3346 diac.

143 3381 212 3442 silii
230 3380 374 3441 sanioris
390 3378 570 3440 secundum
591 3381 695 3439 Deum
719 3378 752 3439 et
765 3379 854 3439 beati
868 3384 938 3439 An·
992 3377 1082 3439 card.

144 3477 434 3553 gustiniregulam
450 3475 633 3553 providerit
647 3475 846 3551 eligendum.
1031 3476 1099 3548 Ego
1114 3474 1294 3549 Gregorius
1318 3474 1359 3535 de
1383 3476 1535 3548 Grecent,
1564 3478 1596 3537 S.
1621 3477 1788 3539 Theodori

183 3574 263 3634 Paci
279 3588 409 3649 quoque
432 3574 465 3633 et
476 3572 710 3649 tranquillitati
731 3574 862 3640 vestrae,
877 3588 938 3647 pa·
992 3568 1078 3630 diac.
1095 3570 1185 3630 card.

143 3672 237 3732 lerna
253 3670 288 3729 in
313 3670 481 3745 posterum
511 3669 736 3730 sollicitudine
762 3668 937 3744 providere
1032 3666 1100 3739 Ego
1116 3666 1301 3740 Raynerus‚
1317 3666 1447 3726 Sanctae
1460 3667 1576 3727 Mariae
1598 3666 1633 3726 in
1650 3668 1787 3729 cosme-

141 3766 302 3837 vclentes,
316 3766 513 3827 auctoritate
520 3766 710 3842 Apostolica
723 3764 937 3842 prohibemus
991 3757 1049 3818 din
1059 3757 1222 3819 diaconus
1233 3759 1426 3820 cardinalis.

143 3864 179 3925 ut
200 3862 287 3924 infra
300 3863 474 3925 clausuras
488 3863 636 3925 locorum
649 3878 709 3923 seu
721 3864 937 3939 grangiarum
1031 3855 1150 3917 Datum
1182 3857 1350 3928 Laterani,
1384 3872 1445 3933 per
1472 3872 1607 3919 manum
1635 3858 1788 3935 magistri

141 3960 327 4023 vestrarum
349 3959 461 4019 nullus
481 3956 647 4034 rapinam,
670 3975 728 4019 seu
743 3959 898 4020 furtumf
917 3990 937 4005 -
993 3950 1165 4023 (bibionis,
1189 3951 1315 4013 domini
1344 3968 1439 4029 papae
1466 3954 1601 4025 imarii,
1630 3956 1690 4015 Vll
1712 3954 1788 4015 idus

143 4069 229 4125 cere,
248 4054 358 4127 ignem
382 4069 560 4129 apponere,
577 4055 773 4129 sangninem
786 4054 934 4129 fundere,
991 4048 1084 4120 maii,
1100 4048 1215 4110 indict.
1231 4051 1317 4121 XIV,
1336 4051 1581 4113 incarnationis
1605 4052 1794 4113 Dominicae'

143 4149 313 4211 bominem
327 4150 452 4210 temere
462 4164 582 4225 cepere
593 4150 647 4209 rel
662 4150 863 4224 interficere,
878 4169 938 4213 seu
992 4161 1080 4207 auno
1113 4146 1314 4217 mccxlii,
1345 4148 1557 4222 poniificaius
1583 4148 1788 4231 sanctissimi

142 4246 336 4309 violentiam
353 4246 474 4307 audeat
494 4258 662 4306 exercere.
685 4248 851 4307 Praeterea
866 4264 938 4309 om-
992 4241 1688 4319 domininonoriipapae111ann0oeoim0.

142 4359 201 4405 nes
217 4343 387 4405 libertates
400 4345 433 4405 et
447 4342 704 4404 immunitatese
718 4342 937 4419 praedecesso·
1081 4408 1085 4415 ,

141 4440 234 4503 ribus
254 4442 376 4502 nostris
399 4440 559 4502 Romanis
583 4440 799 4502 Pontificibus
827 4441 937 4501 ordini
1272 4478 1504 4569 CXXXVIII

142 4536 939 4616 vestroconcessas,necnonlibertatesetexemp·

141 4638 249 4698 tiones
265 4634 888 4711 saeculariumexactionumaregibus
905 4636 938 4697 et
991 4629 1044 4689 Ali
1078 4629 1275 4702 &flitmum
1304 4632 1593 4704 Lemovioenfems
1628 4635 1788 4697 abbatem

142 4731 358 4810 principibus,
372 4732 425 4793 vel
437 4731 512 4791 aliis
528 4731 681 4792 fidelihus
692 4733 938 4795 rationabiliter
1029 4728 1223 4796 Defert-sem,
1239 4728 1471 4788 Bitufioeiwii
1488 4731 1657 4801 dioeoefib
1672 4732 1710 4791 6!
1720 4734 1785 4793 de·
1805 4774 1808 4781 -

141 4831 236 4893 vobis
251 4830 408 4901 indultas
426 4830 624 4890 auctoritate
645 4830 835 4907 apostolica
850 4846 935 4891 con·
990 4858 999 4883 ι
1028 4837 1158 4884 canum
1176 4826 1481 4900 Burdenafenaem.

143 4928 322 4999 firmamus,
352 4928 384 4987 et
405 4926 579 5002 praesentis
609 4927 725 5003 scripti
751 4928 936 5003 patrocinio
1282 4954 1315 5010 fl
1331 4954 1399 5009 man
1415 4954 1495 5011 1226.

143 5025 395 5088 communimus.
426 5024 642 5084 Decernimus
677 5040 757 5099 ergo
787 5028 823 5088 ut
851 5026 936 5086 nulli

143 5124 276 5185 omnino
289 5122 461 5183 hominum
481 5121 580 5181 liceat
604 5120 778 5196 praefatum
803 5138 937 5183 monas·

141 5221 262 5283 terium
277 5220 400 5281 temere
415 5216 621 5293 perturbare,
636 5218 694 5278 aut
716 5221 789 5295 ejus
803 5234 937 5295 posses·
990 5200 1527 5299 Mindii0i³⁰12f0l⁰⁰⁸fis⁰iiflib¹¹⁸2
1543 5218 1608 5275 ΨΜ
1622 5204 1654 5265 iss
1668 5208 1787 5279 1¹⁰8⁰1i⁰

143 5318 253 5377 aiones
282 5314 413 5375 auferre
437 5313 491 5374 vel
527 5312 655 5374 ablatas
691 5314 846 5387 retinere,
877 5304 936 5375 seu
1025 5286 1236 5348 ffl⁰iffl³ii⁰¹¹i³
1258 5289 1467 5348 ¹¹³⁰⁰⁰⁸i⁹f¹¹s·
1488 5292 1625 5349 Martialis
1651 5296 1784 5353 Lemovi-

1026 5377 1121 5435 censis
1146 5385 1209 5434 acta
1233 5376 1293 5450 jam
1315 5374 1438 5442 fuerant,
1468 5378 1595 5438 addicti
1619 5384 1785 5442 monasterii

1024 5464 1258 5523 reformationem
1270 5465 1307 5522 de
1318 5480 1393 5523 novo
1406 5466 1570 5541 procedant.

1023 5074 1194 5141 [liegest.,lib.
1206 5077 1238 5135 X,
1247 5075 1321 5140 epist.
1334 5076 1389 5125 263.
1407 5076 1465 5127 llas.
1482 5077 1601 5129 LsPorte
1613 5078 1647 5132 dn
1660 5081 1755 5149 Theti]

143 5411 343 5491 quibuslibet
363 5409 597 5472 vexationibus
613 5410 768 5486 fatigare;
786 5413 843 5472 sed
864 5428 937 5473 om-

142 5510 198 5572 nia
213 5510 343 5585 integra
360 5507 599 5569 conserventur
622 5522 740 5569 eorum
769 5524 829 5585 pro
854 5526 937 5587 quo-

142 5624 215 5670 rum
226 5604 465 5685 gubernatione
476 5620 516 5667 ac
526 5603 935 5668 sustentationeconcessa
1030 5608 1210 5681 Honorius,
1226 5609 1302 5682 etc„
1325 5610 1508 5673 venerabili
1532 5611 1665 5675 fratri...
1689 5616 1782 5693 epis-
