4217 6400
308 300 348 359 75
928 291 1104 354 HONORII
1125 295 1171 354 ΙΙΙ
1192 290 1341 353 OPERA.
1912 289 1954 352 76

308 453 401 520 cibus
433 455 600 534 praedictis
632 455 782 526 assistas,
810 454 845 514 in
875 467 916 514 ao
942 453 1097 523 maxima,

308 551 393 630 quod
410 569 470 630 per
484 553 573 630 ipsos
589 552 785 612 mandamus
801 549 951 612 eumdem
966 551 1102 626 propter

308 649 556 724 dilapidationis
569 649 697 718 vitium,
716 646 879 724 pendente
899 646 1043 721 negotio,
1059 644 1100 704 ab

306 745 594 807 administratione
613 743 809 805 Laoniensis
822 743 972 804 ecclesiae
984 757 1098 802 remo-

306 840 388 916 ueri,
416 844 450 904 et
475 841 608 904 interim
635 839 959 901 administrationem
981 839 1100 914 hujus-

307 939 396 1000 modi
422 939 482 1000 alii
511 941 639 1001 idoneae
671 952 823 1016 personas
840 936 1018 998 committi.
1044 935 1099 995 Sic

307 1036 416 1098 antem
436 1053 537 1114 super
557 1037 620 1098 boc
640 1038 672 1097 et
693 1036 768 1096 aliis
788 1033 939 1111 potenter
960 1033 1098 1094 assistas

305 1136 372 1196 tam
392 1135 582 1195 memoratis
598 1133 777 1210 judicibus,
804 1147 902 1208 quam
921 1132 957 1192 in
982 1145 1099 1208 prose-

308 1228 440 1288 cutione
452 1227 538 1304 juris
557 1229 608 1288 sui
624 1227 768 1304 capitulo
784 1227 931 1304 ejusdem
947 1225 1098 1288 ecclesiae

309 1322 407 1403 [quaa]
426 1327 602 1386 commissa
626 1325 726 1386 suerit
743 1341 762 1385 a
780 1323 950 1402 judicibus
974 1337 1097 1400 supra-

306 1420 414 1490 dictis,
428 1421 515 1500 qnod
528 1425 666 1484 conatus
679 1423 781 1491 illius,
796 1423 1098 1499 quantumcumque

304 1517 470 1580 violentus
485 1521 617 1590 existat,
634 1519 788 1581 effectum
803 1535 870 1580 non
883 1518 1015 1590 lrabeat,
1039 1514 1097 1578 sad

301 1617 440 1691 justitiae
454 1617 575 1694 potius,
595 1603 693 1694 quam
713 1617 800 1677 idem
815 1617 976 1677 hactenus
992 1617 1099 1692 impe·

303 1709 423 1776 diendo
444 1713 576 1783 delusit,
593 1715 709 1776 cedere
720 1713 883 1776 uideatur.
896 1714 1013 1774 Datum
1027 1715 1096 1773 La-

302 1809 422 1882 terani,
437 1811 533 1872 nonis
550 1811 640 1879 mali,
659 1811 871 1888 pontificatus
887 1810 994 1871 nostri
1007 1823 1096 1870 anno

303 1905 442 1969 decimo.
473 1919 474 1922 ’

592 2100 804 2188 CXXXVII

359 2261 678 2328 Admonostertnm
695 2263 843 2322 ecclesioe
858 2262 893 2321 S·
909 2229 1037 2322 Marica

603 2359 786 2432 spiceum

599 2495 617 2553 9
629 2496 698 2554 maii
711 2496 790 2553 1226.

404 2615 495 2681 [Hugo,
506 2617 599 2668 Annal.
614 2619 775 2676 Praemonst.,
789 2617 818 2674 ll,
833 2616 905 2682 prob.
916 2615 984 2681 ool]

265 2743 267 2748 ’
300 2750 445 2822 Sulcensis
455 2751 583 2808 ecclesie
596 2763 725 2823 personae
734 2758 763 2807 et
775 2749 848 2808 bona
858 2750 910 2807 sub
920 2751 1095 2822 protectione

503 2839 666 2912 apostolica
687 2839 889 2911 suscipiuntur.

337 2973 1008 3049 Honoriusepiscopusservussarvorum
1019 2973 1091 3044 Dei,

296 3069 425 3129 dilectis
441 3069 520 3128 filiis
536 3068 647 3130 abbati
661 3069 811 3130 ecclesiae
828 3071 958 3130 Sanctae
978 3071 1094 3130 Mariae

297 3165 479 3241 Syloansis,
495 3169 632 3245 ejusque
648 3165 807 3227 iratribus
835 3169 899 3227 tam
915 3167 1093 3242 praesenti-

296 3261 358 3321 bus
371 3276 470 3339 quam
492 3262 612 3321 futuris
634 3262 822 3339 regularem
842 3262 944 3324 vitam
960 3264 1093 3340 profes·-

298 3360 344 3419 sis
357 3359 392 3418 in
407 3360 599 3435 perpetuam
616 3360 664 3419 rei
681 3360 886 3419 memoriam.

337 3456 539 3530 Religiosam
564 3456 666 3517 vitam
697 3456 896 3531 eligentibus
920 3458 1094 3533 Apostoli-

296 3569 371 3613 cum
394 3554 549 3614 convenit
573 3554 690 3613 adesse
713 3554 917 3630 praesidium,
944 3554 985 3615 n'e
1009 3554 1094 3615 sorte

297 3650 475 3726 cujuslibet
500 3651 696 3711 temeritatis
723 3652 969 3722 incursasset
992 3666 1048 3711 eos
1074 3668 1094 3711 a

296 3746 466 3823 proposito
498 3752 643 3817 revocet,
670 3750 727 3807 aut
755 3746 867 3819 robor,
886 3745 971 3822 quod
995 3746 1092 3817 absit,

297 3860 402 3903 sacrae
426 3844 600 3917 religionis
627 3844 798 3917 infringat.
830 3844 1022 3918 eapropter,
1043 3844 1095 3903 di-

296 3940 373 4001 lecti
388 3940 423 3999 in
439 3940 578 3999 Domino
594 3939 665 4010 tilii,
689 3940 809 3999 vestris
829 3940 929 4015 justis
945 3940 1095 4015 postula-

295 4036 442 4099 tionibus
463 4036 643 4097 clementer
665 4037 854 4107 annuimus
872 4037 904 4096 et
926 4038 1094 4097 monaste-

295 4136 383 4195 rium
395 4136 524 4193 Sanctae
535 4134 649 4194 Mariae
663 4134 843 4211 syloensis‚
858 4134 892 4193 in
906 4150 969 4210 quo
980 4134 1093 4195 diuino

296 4232 376 4292 estis
392 4230 548 4306 obsequio
563 4231 753 4307 mancipati,
772 4231 832 4291 sub
846 4230 934 4292 beati
951 4232 1043 4292 Petri
1061 4233 1092 4293 et

296 4328 409 4388 nostra
425 4327 629 4403 protectione
643 4328 852 4403 suscipimus,
868 4331 901 4389 et
916 4330 1092 4404 praesentis

296 4425 412 4501 scripti
437 4424 613 4500 privilegio
636 4425 886 4495 communimus,
917 4427 951 4485 in
976 4426 1092 4502 primis

296 4512 458 4597 siqnidem
471 4523 664 4591 statuentes,
682 4520 717 4582 ut
730 4522 810 4581 ordo
825 4522 1017 4593 canonicus,
1034 4524 1091 4599 qui

295 4616 476 4679 secundum
488 4618 590 4677 Deum
601 4618 633 4679 et
643 4618 731 4678 beati
740 4618 915 4693 Augustini
928 4618 1089 4694 regulam,

295 4717 402 4791 atqua.
438 4714 680 4775 institutionem
721 4714 1090 4776 praemonstratensium

294 4812 434 4871 flatrum
447 4810 482 4871 in
496 4810 610 4872 eodem
622 4812 824 4872 monasterio
837 4812 1006 4873 institutus
1017 4829 1090 4875 esse

293 4909 510 4983 dignoscitur,
542 4908 709 4984 perpetuis
738 4906 859 4968 ibidem
887 4910 1088 4986 temporibus

1153 450 1249 527 pisci,
1263 449 1467 510 firmavobis
1490 449 1676 525 vestrisque
1700 448 1953 510 successoribus

1154 549 1187 609 et
1200 547 1329 608 illibata
1350 545 1577 622 permaneant.
1593 547 1632 606 ln
1646 545 1767 622 quibus
1781 545 1854 607 baec
1867 561 1951 622 pro-

1154 645 1237 720 priis
1259 644 1415 703 duximus
1436 643 1652 719 exprimenda
1676 643 1847 703 vocabulis
1863 663 1872 702 ε
1886 644 1954 705 Lo·

1153 757 1228 802 oum
1240 743 1349 817 ipsum
1363 743 1398 801 in
1423 756 1488 816 quc
1514 740 1687 816 praelatum
1712 743 1952 802 monasterinm

1153 838 1253 898 situm
1277 839 1329 899 est
1352 853 1426 898 cum
1456 837 1609 897 omnibus
1633 838 1845 913 pertinentiis
1867 839 1950 909 suis,

1153 938 1310 1005 Poczuze,
1353 935 1484 1006 Kivow,
1524 935 1738 1000 Mechuticza,
1775 936 1950 1008 Liwovici,

1151 1031 1337 1104 Wrzesnib,
1350 1032 1562 1104 Otradowir-i,
1580 1031 1769 1100 Petrowici,
1785 1034 1949 1108 Rogetici,

1152 1131 1319 1206 Lipnicze,
1335 1131 1467 1201 Garine,
1486 1129 1673 1201 Kranialin,
1691 1130 1861 1203 Pacbiow,
1880 1134 1951 1192 Po·

1152 1228 1262 1298 horre,
1282 1226 1449 1295 Hilowlci,
1469 1227 1619 1298 Miletici,
1636 1228 1818 1299 Smilovici‚
1835 1229 1950 1300 Vitici,

1152 1324 1278 1395 Labici,
1296 1324 1413 1394 Lbota,
1431 1323 1623 1396 Drscowicl,
1646 1324 1768 1395 Postei‚
1791 1325 1954 1386 Comerc-

1151 1422 1228 1492 vici‚
1248 1423 1453 1497 Pognanow,
1477 1422 1633 1492 Bistrum,
1656 1421 1800 1493 Parlow,
1821 1423 1954 1482 Krasa-

1152 1533 1240 1590 now,
1274 1518 1434 1588 Rucbow,
1472 1521 1714 1588 Krasanowan,
1740 1518 1886 1589 calaum
1917 1521 1954 1580 et

1151 1616 1355 1684 Branissow,
1371 1615 1471 1675 uillas
1486 1631 1560 1675 cum
1578 1615 1682 1690 sylvis
1697 1631 1802 1692 usque
1823 1616 1865 1676 ad
1879 1617 1954 1678 ter-

1151 1714 1258 1773 minos
1294 1713 1464 1784 Morauiae,
1497 1712 1708 1782 Boztbehcsu,
1745 1713 1948 1786 Brincbend,

1150 1811 1259 1880 Klow,
1272 1809 1391 1880 Dudin,
1407 1809 1572 1879 Bukowii,
1590 1808 1740 1880 Slanani,
1760 1810 1948 1882 Welcbow,

1150 1904 1290 1971 Monteb,
1312 1905 1471 1966 Preiscbe
1500 1920 1575 1965 cnm
1601 1905 1743 1981 capella,
1768 1898 1945 1979 Wcmisla,

1152 2003 1309 2074 Sedlicze,
1338 2003 1494 2070 Zaborza,
1521 2002 1672 2073 Smrdev‚
1706 2003 1870 2076 Gletecen,
1892 2005 1952 2064 si·

1149 2099 1282 2170 manici,
1306 2099 1624 2169 Weastowichenik‚
1654 2099 1826 2172 Wlazono,
1843 2101 1945 2173 Wici,

1149 2197 1314 2268 Herelice,
1334 2195 1475 2266 zedelie,
1501 2195 1769 2270 Brundekowici,
1796 2196 1946 2275 Wezely,

1151 2293 1292 2365 Selenia,
1319 2293 1509 2353 Terkcnici.
1538 2295 1575 2352 ln
1599 2293 1699 2353 Olsan
1722 2295 1850 2355 curiam
1869 2311 1948 2356 cum

1148 2391 1247 2451 vinea
1293 2388 1537 2461 zwiecbowici,
1580 2390 1716 2452 zedelce
1759 2392 1946 2468 antiquum,

1148 2487 1384 2554 Zwadnovicii,
1401 2486 1515 2548 Petrin
1529 2503 1604 2546 cum
1619 2487 1730 2558 vinea,
1749 2489 1859 2549 Pozels
1871 2506 1948 2550 cum

1148 2584 1252 2660 sylvis
1268 2583 1425 2659 usquead
1442 2583 1563 2644 flumen
1580 2584 1621 2644 de
1636 2585 1773 2646 Otuirna
1786 2601 1861 2646 cum
1872 2601 1947 2662 pra-

1148 2681 1202 2752 tis,
1216 2681 1335 2752 vineis,
1354 2680 1558 2748 nemoribus,
1582 2682 1732 2756 usuagiis
1748 2683 1781 2742 et
1794 2684 1941 2758 pascuis,

1149 2777 1297 2838 inbosco
1312 2777 1470 2853 eiplano,
1493 2777 1529 2837 in
1551 2777 1647 2853 aquis
1673 2779 1707 2838 et
1728 2779 1939 2852 molendinis,

1149 2875 1184 2934 in
1198 2873 1263 2935 viis
1278 2875 1311 2935 et
1326 2874 1452 2935 semitis
1467 2877 1500 2935 et
1515 2873 1666 2935 omnibus
1688 2875 1765 2936 aliis
1780 2875 1948 2939 libertati-

1148 2971 1209 3032 bus
1224 2971 1257 3032 et
1270 2969 1534 3032 immunitatibus
1548 2972 1630 3032 suis.

1185 3071 1276 3128 Sans
1297 3067 1466 3128 novalium
1487 3053 1685 3142 uestrorum,
1703 3087 1778 3146 quae
1801 3073 1946 3148 propriis

1148 3164 1301 3226 manibus
1316 3168 1374 3227 aut
1392 3165 1577 3241 sumptibus
1596 3165 1716 3239 colitis,
1733 3167 1804 3229 sive
1816 3169 1857 3231 de
1868 3185 1947 3231 ues-

1147 3266 1276 3324 trorum
1305 3262 1500 3323 animalium
1528 3263 1756 3337 nutrimentis,
1785 3266 1897 3327 nullus
1924 3284 1945 3328 a

1148 3359 1242 3420 vobis
1257 3359 1403 3421 decimas
1418 3360 1555 3435 exigere
1568 3360 1623 3419 vel
1643 3363 1842 3438 extorquere
1857 3380 1946 3439 prae-

1148 3457 1267 3517 sumat.
1284 3457 1398 3519 Liceat
1412 3472 1542 3534 quoque
1554 3456 1649 3518 vobis
1665 3458 1805 3521 clericos
1818 3462 1871 3521 vel
1884 3461 1944 3521 lai·

1148 3570 1203 3614 cos
1219 3553 1343 3613 liberos
1358 3554 1390 3614 et
1413 3553 1583 3615 absolutos
1609 3570 1628 3614 e
1643 3556 1767 3616 saeculo
1780 3556 1943 3632 fugientes

1148 3651 1189 3710 ad
1219 3651 1470 3710 conversionem
1492 3652 1654 3727 recipere,
1682 3654 1714 3713 et
1737 3669 1794 3713 eos
1818 3652 1944 3730 absque

1149 3746 1412 3806 contradictione
1427 3747 1538 3823 aliqua
1554 3748 1711 3809 retinere.
1724 3750 1944 3811 Prohibemus

1148 3844 1284 3919 insuper
1299 3844 1335 3904 ut
1360 3843 1473 3904 nullus
1500 3844 1640 3905 fratrum
1662 3847 1845 3905 uestrorum
1868 3847 1945 3922 post

1148 3940 1268 4000 saetam
1291 3940 1328 4000 in
1343 3942 1548 4002 monasterio
1563 3945 1674 4003 aestro
1689 3940 1941 4018 professionem,

1147 4037 1197 4096 ias
1215 4037 1258 4097 sit
1273 4036 1346 4098 sine
1367 4037 1495 4098 abbatis
1511 4038 1563 4097 sui
1578 4038 1714 4099 licentia
1731 4038 1795 4098 nisi
1815 4040 1943 4101 arctio-

1147 4134 1194 4193 ris
1205 4134 1378 4210 religionis
1391 4135 1539 4207 cbtentu,
1555 4134 1726 4196 decedam
1742 4136 1815 4196 loco
1829 4136 1943 4197 disce-

1147 4229 1239 4305 dere3
1253 4232 1475 4293 discedentem
1489 4249 1569 4293 uero
1585 4232 1709 4309 absque
1719 4235 1943 4295 communium

1147 4326 1333 4387 litterarum
1360 4330 1546 4388 vestrarum
1571 4328 1727 4389 cautione
1747 4328 1858 4387 nullus
1881 4344 1946 4389 au·

1146 4425 1222 4484 deat
1236 4426 1393 4485 retinere.
1419 4427 1500 4483 Cum
1524 4425 1635 4485 autem
1658 4426 1813 4500 generale
1837 4424 1945 4487 inter·

1146 4521 1269 4582 dictum
1292 4522 1392 4581 terrae
1419 4520 1529 4593 tuerit,
1558 4522 1658 4583 liceat
1689 4522 1784 4582 vobis
1819 4524 1943 4584 clausis

1141 4618 1267 4693 januis,
1289 4618 1437 4677 exclusis
1461 4608 1757 4680 excommunicatis
1781 4622 1814 4681 et
1835 4620 1942 4682 inter-

1144 4714 1253 4785 dictis,
1282 4730 1348 4774 non
1382 4716 1522 4791 pulsatis
1549 4718 1733 4792 campanis,
1761 4732 1943 4795 suppressa

1143 4826 1235 4882 uoce,
1257 4811 1370 4871 divina
1385 4812 1496 4873 cilicia
1511 4813 1693 4875 celebrare.

1182 4909 1334 4968 chrisma
1348 4925 1439 4977 vero,
1458 4912 1567 4971 oleum
1587 4926 1731 4982 sacrum,
1753 4928 1939 4974 consecra-

293 5004 531 5065 inviolabilitar
559 5004 763 5066 observetur.
790 5009 956 5068 Praeterea
988 5024 1090 5085 quas·
1142 5006 1251 5066 tiones
1267 5006 1422 5067 altarium
1436 5022 1496 5067 seu
1512 5008 1739 5080 basilicarum,
1755 5010 1941 5070 ordinatio·

293 5116 432 5177 cumque
470 5103 708 5176 possessiones,
748 5120 963 5181 quaecumque
1000 5105 1087 5166 bona
1142 5118 1201 5163 nes
1215 5102 1425 5174 clericorum,
1442 5105 1497 5180 qui
1521 5104 1562 5164 ad
1578 5121 1692 5166 sacros
1718 5105 1852 5167 ordines
1864 5107 1940 5167 fue-

291 5200 378 5259 idam
402 5198 638 5259 monasterium
668 5201 702 5260 in
724 5202 978 5279 praesentiarum
997 5206 1087 5279 juste
1140 5200 1209 5260 rint
1238 5200 1463 5276 promovendi,
1490 5216 1510 5261 a
1534 5202 1722 5263 dioecesano
1749 5204 1938 5279 suscipietis

291 5295 505 5356 accanonice
530 5298 686 5371 possidet,
713 5296 818 5359 autin
845 5296 1087 5361 tuturumcon-
1140 5298 1306 5373 episcopo,
1340 5297 1501 5374 siquidem
1539 5300 1723 5363 catholicus
1759 5300 1869 5373 suerit,
1903 5303 1938 5364 et

291 5394 444 5454 cessione
469 5394 672 5467 pontificum,
689 5394 866 5471 largitione
893 5412 1008 5472 regum
1032 5398 1083 5458 vel
1139 5396 1404 5455 communionem
1431 5398 1633 5457 sacrosantae
1660 5400 1820 5459 Romanae
1840 5398 1936 5461 Sedis

290 5489 489 5569 principum,
508 5490 674 5552 oblatione
686 5492 844 5567 ridellum,
861 5510 921 5555 seu
934 5494 1011 5555 aliis
1016 5498 1085 5570 jus·
1126 5490 1304 5565 babuerit,
1321 5495 1403 5554 etea
1416 5494 1510 5554 vobis
1525 5495 1669 5557 voluerit
1683 5496 1757 5556 sine
1772 5496 1936 5572 pravitate

289 5586 464 5657 demodis,
491 5590 669 5663 praestante
690 5589 838 5663 Domino,
864 5591 984 5667 poterit
1008 5592 1084 5651 adi·
1138 5590 1252 5666 aliqua
1294 5590 1464 5651 exhibere.
1507 5591 1659 5667 Alioquin
1700 5592 1801 5655 liceat
1838 5592 1934 5655 uobis
