4217 6400
500 835 809 999 ¹siam
873 739 1362 965 uvbsolnas

530 1367 550 1452 I

145 1481 162 1534 T
251 1503 304 1564 Ad
330 1507 510 1567 Nicolaum
537 1511 818 1576 archidiaconum

393 1603 681 1665 lballaadaascm.

406 1723 423 1780 3
437 1723 571 1781 novemb.
588 1725 668 1782 itis.

274 1833 379 1899 [bauga
390 1835 528 1902 Diplomst.
538 1837 688 1902 Norwegic„
699 1838 720 1898 1,
734 1853 753 1897 1,
763 1839 801 1904 8.]

142 1945 177 2004 Εἰ
191 1948 308 2008 mandat
319 1959 350 2008 ut
363 1951 531 2010 vicesimam
542 1954 800 2011 ecclesiasticorum
810 1970 933 2027 proven·

177 2044 258 2093 tuum
272 2053 324 2110 per
341 2041 419 2096 Petri
438 2039 645 2114 archiepiscopi
659 2041 777 2114 ejusque
792 2043 934 2118 suflraga-

176 2137 296 2181 neorum
305 2127 546 2185 dloeccsesl'errse
561 2130 806 2188 Sanctoesubsldlo
819 2131 935 2204 deputa·

176 2218 235 2268 tam
247 2220 275 2270 et
285 2213 413 2284 Skuloni,
423 2214 487 2273 duci
501 2217 821 2291 Norweglae,asplranti
836 2219 937 2277 adhoc

176 2301 333 2358 subsidium
349 2318 518 2361 concessam
532 2307 658 2379 colligat,
672 2308 756 2380 eique
769 2309 908 2381 assignet.

181 2427 349 2489 Honorius
364 2430 550 2507 episcopus,
568 2432 643 2505 eto,
655 2433 806 2506 Nicola0,
824 2435 938 2496 archi-

140 2523 282 2584 diacono
293 2525 531 2598 mananuena,
549 2529 611 2589 eto.
672 2516 676 2522 ⁴

182 2621 262 2680 Cum
278 2621 418 2684 dilectus
434 2624 523 2684 filins
538 2626 661 2686 nobilis
676 2627 729 2687 vir
744 2626 858 2699 Skulo,
870 2628 937 2688 dux

141 2717 348 2794 Narwegiae,
374 2720 535 2782 divinitus
565 2721 748 2798 inspiratas
781 2725 937 2786 ardenter

142 2815 297 2890 aspirans
312 2816 353 2876 ad
367 2817 550 2877 subsidium
565 2821 676 2880 Terrae
691 2821 831 2892 Sanctae,
848 2821 936 2882 adid

143 2912 321 2986 magnifice
336 2928 371 2972 se
386 2914 549 2989 accingat,
562 2914 699 2977 daturus
715 2917 869 2978 omnibus
881 2918 937 2994 qui

142 3024 256 3069 secum
269 3009 489 3072 transfretare
500 3012 666 3074 voluerint
680 3014 850 3089 navigium
865 3016 937 3078 sine

140 3105 254 3178 naulo,
270 3106 355 3169 sicut
369 3109 437 3168 tam
452 3110 523 3186 ipse
536 3126 635 3185 atnam
649 3111 859 3174 venerabiles
874 3113 940 3174 fra·

141 3204 212 3264 tres
230 3204 335 3265 nostri
357 3205 485 3277 Petrus,
507 3207 734 3271 Nidrosiensis
752 3210 938 3289 archiepis-

144 3315 258 3376 copus,
280 3303 347 3363 et...
368 3304 441 3379 ejus
457 3303 662 3378 suffraganei
677 3306 746 3366 suis
766 3306 861 3368 nobis
876 3308 936 3370 lit-

142 3398 227 3459 teris
240 3398 448 3471 intimarunt,
465 3416 525 3461 nos
536 3416 682 3477 congruo
697 3403 846 3465 volentes
864 3421 937 3465 otim

142 3494 272 3556 auxilio
288 3496 322 3555 ln
333 3496 402 3557 iam
418 3498 473 3573 pio
485 3498 655 3575 proposito
670 3500 841 3577 adJuvare,
852 3502 939 3563 vice·

142 3592 262 3653 simam
290 3593 593 3656 ecclesiasticorum
626 3597 846 3673 proventuum
879 3614 939 3675 per

141 3689 377 3765 praedictornm
393 3691 635 3769 archiepiscopi
651 3695 684 3755 et
704 3694 939 3771 suffraganeo·

140 3802 216 3847 rum
235 3785 406 3860 dioeceses,
423 3791 535 3850 Terrae
556 3791 685 3853 Sanctae
706 3790 855 3854 subsidio
879 3808 936 3855 se-

142 3878 286 3944 cundum
306 3884 429 3947 statuta
452 3888 619 3961 generalis
639 3888 779 3950 Concilii
794 3891 936 3967 deputa-

141 3978 229 4048 tam,
255 3978 362 4038 eidem
390 3980 466 4041 duci
493 3981 649 4042 duximus
680 3986 936 4047 concedendam.

144 4072 306 4143 Quocirca
330 4075 537 4141 mandamus,
559 4079 722 4152 quatenus
745 4081 938 4145 vicesimam

142 4168 251 4244 ipsam
266 4170 427 4245 colligens
447 4171 634 4247 diligenter,
656 4175 814 4249 praedicto
834 4179 937 4239 nobili

142 4264 287 4328 fideliter
317 4267 469 4343 assignes
509 4269 671 4331 eamdem.
710 4273 939 4337 contradicto-

141 4378 208 4434 res,
222 4363 284 4424 eto.
299 4366 417 4425 Datum
432 4366 600 4439 Laterani,
618 4370 664 4429 Ill
676 4383 783 4430 nonas
797 4385 937 4432 novem-

143 4459 227 4533 bris,
242 4476 330 4523 anno
345 4462 531 4525 undecimo.

519 4651 560 4737 ΙΙ

252 4791 305 4850 Ad
320 4794 510 4853 ibororum
528 4795 824 4871 archiepiscopum

404 4890 676 4951 Nidrosienscm.

409 5007 573 5066 luovemb.
592 5011 671 5068 1226.

279 5121 383 5185 [Lange
393 5121 530 5186 Diplomat.
545 5123 691 5187 Narvegic„
702 5124 722 5184 1,
736 5138 753 5183 1,
764 5124 802 5190 a]

141 5228 175 5285 Ei
190 5226 306 5285 mandat
321 5235 351 5285 nt
366 5243 426 5297 sos,
442 5229 489 5301 qui
502 5229 645 5287 voluerint
659 5229 778 5289 crucem
789 5247 938 5291 assumere

177 5315 213 5372 ad
228 5318 322 5373 Terrae
342 5318 453 5375 Sancte
468 5316 627 5375 subsidium
646 5333 711 5376 aum
727 5320 856 5390 stratoni,
872 5321 937 5379 duci

176 5404 352 5477 Norvvegioe,
362 5405 442 5477 juxta
458 5403 579 5462 formam
593 5408 729 5465 Ecclesia
744 5408 882 5467 absolvat.

182 5529 365 5602 Honorius,
394 5532 477 5602 ete,
506 5532 715 5594 Nidrosiensi
747 5534 935 5612 archiepis-

142 5641 236 5702 copo,
256 5627 319 5688 eto.
511 5644 517 5650 ·

305 5772 419 5817 ramos.
439 5774 513 5817 roan
533 5760 568 5822 v.

1029 1359 1112 1422 Cum
1128 1361 1213 1424 sicut
1227 1377 1269 1422 ex
1282 1361 1402 1426 litteris
1415 1363 1481 1424 tuis
1496 1364 1529 1425 et
1543 1363 1655 1440 utique
1666 1375 1785 1438 aecep-

990 1456 1110 1529 minus,
1123 1459 1263 1520 dilectus
1279 1459 1367 1520 filins
1383 1460 1507 1522 nobilis
1522 1462 1574 1521 vir
1589 1459 1703 1532 Skulo,
1716 1458 1785 1519 dux

990 1555 1179 1630 Norvegiae,
1196 1558 1446 1633 crucesignatus
1466 1558 1507 1618 ad
1522 1561 1633 1618 Terrae
1654 1557 1784 1617 Sanctae

991 1650 1174 1713 subsidium
1190 1669 1263 1714 oum
1279 1669 1456 1715 numerosa
1477 1655 1783 1729 crucesignatorum

991 1747 1202 1810 multitudine
1224 1751 1400 1826 magnifice
1416 1767 1451 1812 se
1461 1751 1624 1826 accingat,
1640 1749 1784 1811 offerens

991 1845 1143 1905 omnibus
1155 1862 1266 1908 seeum
1282 1847 1499 1909 transfretare
1507 1847 1693 1909 volentibus
1705 1862 1786 1921 gra·

990 1941 1033 2002 tis
1054 1942 1225 2018 navigium
1246 1945 1319 2005 sine
1339 1945 1452 2017 naulo,
1469 1945 1506 2005 ut
1526 1947 1592 2006 tuae
1617 1945 1784 2020 praedica-

991 2039 1093 2100 tionis
1105 2040 1183 2101 tuba
1196 2041 1360 2102 excitatus
1377 2039 1784 2117 populuschristianusad
1894 2131 1896 2134 .

991 2136 1088 2198 diotae
1112 2139 1223 2198 Terrae
1248 2138 1431 2200 subsidium
1460 2139 1578 2200 fortius
1605 2139 1782 2208 animetur,

991 2233 1234 2295 fraternitatem
1253 2237 1344 2296 tuam
1372 2251 1545 2296 monemus
1568 2236 1703 2307 attente,
1725 2249 1785 2310 per

991 2331 1181 2406 apostolica
1193 2330 1252 2392 tibi
1268 2333 1391 2408 scripta
1402 2332 1609 2399 mandantes,
1622 2335 1784 2408 quatenus

990 2427 1027 2487 in
1050 2429 1223 2504 provincia
1242 2431 1298 2489 tna
1321 2430 1528 2504 evangelizes
1549 2433 1586 2490 ei
1611 2430 1785 2504 evangeli-

991 2525 1061 2584 zari
1076 2524 1180 2586 facias
1200 2525 1393 2587 solemniter
1407 2521 1544 2587 verbum
1560 2527 1681 2596 crucis,
1700 2542 1785 2586 com·

991 2621 1242 2682 monefaciendo
1269 2624 1443 2684 universos
1466 2625 1498 2684 et
1522 2624 1672 2698 singulos
1692 2624 1727 2685 ut
1747 2625 1782 2683 in

992 2720 1055 2779 boc
1070 2719 1279 2781 necessitatis
1295 2721 1434 2781 articulo
1446 2724 1643 2782 succurrant
1654 2721 1785 2782 Christo

992 2816 1099 2876 modis
1124 2816 1287 2888 omnibus
1309 2817 1427 2893 quibus
1452 2819 1605 2894 possunt,
1628 2819 1675 2879 ita
1698 2817 1785 2894 quod

991 2913 1059 2974 tam
1079 2912 1139 2973 tibi
1155 2930 1253 2990 quam
1276 2915 1325 2974 eis
1349 2915 1503 2976 meritum
1524 2913 1784 2992 incomparabile

993 3025 1176 3086 compares,
1199 3013 1231 3072 et
1248 3027 1308 3071 nos
1332 3011 1590 3072 sollicitudinem
1609 3013 1701 3072 tuam
1722 3012 1784 3072 de-

991 3107 1250 3183 beamusdignis
1262 3107 1443 3168 inD0mino
1452 3108 1605 3169 laudibus
1617 3124 1786 3170 commen-

993 3205 1083 3266 dare.
1101 3205 1149 3267 Ad
1176 3206 1248 3267 haec
1273 3206 1378 3282 siqui
1405 3206 1638 3282 crucesignati,
1654 3209 1708 3268 vel
1730 3208 1786 3285 qui

993 3318 1124 3364 crucem
1150 3318 1320 3365 assumere
1346 3303 1537 3392 voluerint,¹
1554 3320 1613 3380 pro
1641 3304 1786 3367 violenta

992 3416 1150 3460 manuum
1165 3400 1345 3477 injectione
1360 3400 1426 3462 sint
1437 3400 1572 3461 vinculo
1588 3416 1785 3463 excommu-

992 3496 1172 3557 nicationis
1194 3496 1355 3569 adstricti,
1386 3496 1580 3559 absolveudi
1606 3514 1663 3560 eos
1687 3502 1786 3576 Juxta

991 3593 1133 3655 formam
1154 3594 1311 3654 Ecclesia
1332 3593 1393 3655 tibi
1413 3594 1624 3655 concedimus
1644 3594 1787 3657 faculta-

991 3690 1070 3761 tem,
1096 3688 1162 3749 nisi
1189 3689 1273 3751 forie
1300 3689 1382 3751 adeo
1407 3690 1452 3752 sit
1479 3706 1592 3751 eorum
1618 3693 1731 3767 gravis
1753 3696 1786 3754 et

992 3786 1139 3848 enormis
1155 3801 1325 3859 excessus
1340 3787 1426 3863 quod
1441 3787 1558 3850 merito
1580 3805 1647 3850 non
1662 3790 1729 3852 sint
1743 3790 1785 3850 ad

993 3884 1112 3945 Sedem
1128 3884 1352 3961 apostolicam
1367 3886 1567 3967 remittendi.
1588 3886 1706 3948 Datmn
1721 3888 1786 3947 La·

991 3982 1113 4055 terani,
1126 3983 1156 4043 ii
1170 3997 1276 4045 nonas
1287 3982 1488 4055 novembris,
1497 3999 1585 4045 anno
1597 3985 1783 4047 undecimo.

1362 4222 1424 4307 ΙΙΙ

1031 4372 1084 4431 Aa
1097 4370 1306 4445 magistram
1325 4372 1528 4433 Willclmam
1543 4376 1584 4435 aa
1598 4376 1744 4446 Marcio,

1149 4469 1352 4529 canolntcam
1367 4471 1625 4533 carnotensem.

1256 4598 1417 4657 b'novemb.
1436 4601 1515 4658 laio.

1034 4719 1156 4785 megae,
1167 4720 1212 4771 lib.
1228 4722 1271 4779 xi,
1284 4736 1323 4785 ep.
1337 4721 1391 4772 369.
1404 4724 1461 4775 biss.
1475 4724 1511 4773 La
1520 4722 1597 4773 Parte
1606 4723 1641 4774 dn
1651 4720 1744 4789 Thali]

990 4845 1061 4905 Cum
1076 4860 1107 4902 se
1122 4844 1279 4919 obligasset
1300 4861 1351 4918 pro
1368 4848 1401 4904 G.
1422 4846 1537 4905 tardani
1557 4846 1592 4904 de
1609 4848 1741 4918 Carnoto,
1759 4857 1787 4907 et

1026 4934 1081 4989 iste
1106 4936 1228 4990 termino
1255 4941 1360 4991 statuto
1385 4935 1524 4992 creditum
1550 4950 1609 4992 non
1638 4938 1785 5009 solvisset,

1027 5020 1157 5079 Pontifex
1172 5021 1250 5079 illum
1270 5036 1285 5079 a
1305 5036 1379 5079 noxa
1395 5038 1480 5094 quam
1496 5024 1649 5082 incurrisse
1668 5027 1788 5085 timebat

1027 5109 1158 5179 absolvit,
1173 5109 1329 5167 dnmmodo
1344 5102 1533 5169 creditoribus
1547 5112 1713 5175 satisfaciat.

1031 5246 1210 5316 Honorius,
1223 5245 1298 5316 eta,
1311 5244 1430 5306 dilecto
1444 5245 1514 5307 filio
1527 5251 1686 5324 magistro
1699 5250 1787 5310 Wil-

991 5340 1090 5402 lelmo
1129 5342 1169 5403 de
1202 5343 1345 5415 Mareia,
1377 5345 1538 5406 canonico
1572 5344 1784 5419 carnotensi,

992 5438 1144 5511 salutem,
1160 5440 1222 5501 eto.

1032 5536 1112 5596 Cum
1142 5536 1221 5597 olim
1245 5536 1281 5597 tu
1305 5553 1380 5599 oum
1404 5539 1600 5616 quibusdam
1625 5540 1702 5602 aliis
1726 5556 1786 5619 pro

993 5636 1030 5695 (l.
1046 5634 1184 5695 dardani
1198 5634 1238 5695 de
1253 5635 1395 5698 Garnoto
1409 5638 1531 5700 clerico
1543 5640 1576 5701 te
1589 5638 1786 5717 quibusdam

1564 5772 1582 5828 5
