4217 6400
326 303 363 364 51
437 253 438 261 Ν
939 303 1118 366 nouoau
1136 305 1187 366 1u
1201 259 1354 368 ornan
1924 308 1972 368 52

323 461 501 526 couventui
517 461 630 524 Sancti
645 463 800 524 Germani
823 462 863 524 de
886 462 996 524 Pratis
1021 464 1119 525 Pari·
1173 463 1562 541 praebendaseasdemad
1575 464 1698 528 dictum
1712 465 1970 536 monasterium,

322 561 455 632 sieusis,
481 561 633 632 salutem,
656 561 718 622 etc.
1173 560 1302 624 sublato
1324 563 1504 639 quuslibet
1517 562 1791 624 contradictionis
1803 563 1837 623 et
1850 563 1974 638 appel-

362 661 412 718 Ex
435 659 529 734 parte
543 659 653 719 vestra
681 657 744 719 lun
773 659 978 735 propositum
1005 673 1118 719 coram
1171 659 1307 721 latiouIs
1327 661 1508 731 obstaculo,
1529 661 1703 730 revocetis,
1731 660 1917 735 praesertim
1939 661 1973 720 si

323 755 430 826 nobie,
454 755 689 832 quodquidam
713 755 957 832 archiepiscopi
980 757 1013 818 et
1034 756 1119 832 epis·
1172 757 1334 818 noveritis
1349 773 1393 818 ex
1406 758 1717 819 boemonusterium
1732 757 1880 832 graviter
1894 773 1973 818 esse

321 853 407 928 oapi,
430 854 463 914 et
490 853 548 914 alii
576 853 793 914 ecclesiarum
819 853 960 930 praelati,
999 853 1118 929 quibus
1172 854 1299 915 laesum.
1329 855 1606 922 contradictores,
1629 855 1692 915 etc.
1721 854 1815 924 Quod
1843 855 1873 913 si
1901 869 1972 914 nau

322 949 483 1011 incumbit
508 951 675 1025 prioratus
701 952 829 1013 vestros
857 951 988 1012 ratione
1012 966 1116 1026 paro·
1172 967 1298 1022 omnes,
1312 954 1375 1013 etc.
1392 954 1512 1014 Datum
1526 951 1694 1022 Laterani,
1710 953 1740 1010 ΙΙ
1754 951 1830 1012 idus
1842 951 1971 1022 martii,

322 1047 407 1108 chiae
422 1047 570 1118 visitare,
593 1047 881 1123 procurationibus
905 1064 987 1125 quas
1011 1048 1118 1108 ineis
1173 1064 1261 1109 auno
1276 1049 1416 1109 decimo.

322 1143 489 1220 recipiunt
514 1159 580 1204 non
606 1145 760 1213 conteuti,
775 1146 943 1220 grangias,
970 1147 1004 1206 et
1032 1145 1118 1206 alias

324 1239 439 1301 domos
450 1243 581 1302 vestras
596 1242 632 1302 in
645 1241 764 1317 quibus
774 1257 840 1303 non
856 1243 933 1304 suut
947 1241 1120 1319 parocbia-

323 1337 373 1398 les
384 1337 533 1400 ecclesiae
548 1338 685 1400 visitare
698 1339 912 1411 contendunt,
927 1341 964 1401 ut
985 1341 1034 1401 sic
1046 1355 1120 1416 pro-

324 1435 513 1496 curationes
544 1436 763 1514 extorqueant
788 1437 829 1498 ab
869 1437 1005 1498 eisdem.
1038 1438 1119 1496 Cum

323 1547 403 1607 ergo
431 1532 621 1594 visitatione
663 1547 742 1593 nou·
770 1535 890 1608 egeant
927 1533 1119 1610 hujusmodi

323 1629 473 1705 grangiae
481 1630 686 1701 sivedomus,
698 1631 895 1694 auctoritate
905 1631 1119 1707 praesentium

325 1727 473 1788 distrIcte
488 1727 687 1800 inhibemus
711 1745 753 1788 ue
773 1728 846 1804 quis
862 1728 984 1790 abillis
999 1745 1121 1804 procu·

322 1825 470 1886 rationes
486 1825 631 1900 exigere,
648 1825 700 1886 vel
712 1826 910 1902 extorquere
928 1826 1117 1901 praesumat.

323 1922 415 1984 Nulli
431 1936 521 1996 ergo,
540 1922 613 1994 etc,
630 1921 716 1983 banc
737 1923 892 1998 paginam
912 1925 1038 1984 nostrae
1065 1923 1120 1983 in-

324 2019 497 2080 hibitionis
525 2019 717 2094 infringere.
747 2021 783 2080 Si
809 2021 883 2096 quis
905 2021 1027 2092 autem,
1055 2021 1117 2082 etc.

323 2116 443 2178 Datum
455 2116 623 2189 Laterani,
639 2119 668 2176 11
688 2117 763 2177 idus
791 2117 914 2189 martii,
945 2132 1033 2178 anuo
1060 2119 1120 2178 de-

323 2229 420 2276 ormo.

662 2419 783 2506 CXVI

325 2570 544 2632 nunciatam
567 2571 602 2630 S.
628 2572 775 2630 Martini
799 2573 840 2630 dc
865 2571 1032 2639 Ganuenta,
1060 2583 1121 2630 ar-

364 2670 599 2728 chidiaconum
632 2670 778 2738 nemoris
807 2669 966 2736 ccclesiae,
992 2667 1025 2726 ct
1046 2667 1119 2726 Mi-

363 2767 524 2834 cbaetam,
541 2767 743 2824 castanicula
765 2767 799 2824 S.
825 2766 958 2825 Nicolai
981 2765 1121 2823 Ambia-

365 2865 493 2922 raelaia.

605 2937 638 2994 ll
653 2937 745 2993 munii
761 2937 840 2992 liiii.

372 3061 490 3124 [Regcst.,
504 3059 550 3108 lib.
562 3061 593 3116 X,
607 3075 646 3122 ep.
657 3060 711 3108 inl.
726 3062 782 3110 llss.
795 3060 830 3108 La
840 3060 916 3108 Porto
934 3059 968 3108 du
982 3058 1077 3124 Thoti]

305 3153 307 3158 Ι
325 3184 441 3245 Mandat
461 3185 504 3243 eis
524 3192 555 3241 ut
580 3183 748 3257 praebendas
764 3182 901 3256 quasdam
918 3198 989 3256 quas
1004 3183 1121 3241 abbates

361 3275 456 3333 Sancti
467 3274 583 3334 Vedauti
598 3274 688 3343 laicis,
710 3276 738 3331 iu
754 3273 949 3346 praejudicium
965 3273 1120 3330 monacho-

360 3378 423 3420 rum
438 3370 650 3431 concesserant,
667 3362 702 3420 ad
724 3362 929 3419 monasterium
952 3362 1019 3419 illud
1034 3376 1117 3419 reve·

360 3460 435 3511 cent.

363 3578 542 3650 Honorius,
569 3578 646 3645 etc,
688 3578 819 3639 dilectis
857 3578 973 3647 liliis...
1008 3576 1120 3639 abbati

327 3674 440 3735 Sancti
455 3674 591 3735 Martini
615 3674 656 3734 de
671 3674 864 3735 Gemellis...
882 3672 1119 3733 archidiacono

325 3772 463 3848 majoris
491 3771 654 3839 ecclesiae,
693 3772 726 3833 et
759 3771 927 3841 Michaeli‚
958 3770 1120 3831 canonico

326 3868 442 3930 Sancti
470 3867 601 3927 Nicolai
627 3867 871 3941 Ambianensis,
909 3868 1050 3928 salutem
1086 3869 1119 3928 et

325 3963 837 4041 Apostolicambenedictionem.

364 4064 414 4123 Ex
428 4061 703 4123 insinuatione...
728 4060 867 4131 abbatis,
885 4061 918 4121 et
939 4061 1121 4123 conventus

324 4160 521 4222 monasterii
535 4158 647 4220 Sancti
661 4158 796 4219 vedasti
818 4158 1044 4220 AtrebatensiS
1059 4174 1120 4219 ac·

325 4258 484 4333 cepimus
506 4256 591 4333 quod
616 4256 750 4333 quidam
774 4254 920 4326 abbates,
943 4257 998 4333 qui
1014 4256 1121 4319 eidem

325 4354 528 4416 manasterio
555 4368 615 4428 pro
637 4355 785 4428 tempore
807 4353 1023 4429 praefuerunt,
1043 4353 1121 4429 qui-

324 4452 462 4512 busdam
477 4450 573 4512 laicis
595 4464 662 4509 non
687 4450 907 4523 regularibus
925 4466 987 4510 nec
1002 4449 1121 4511 ablatis

326 4547 521 4623 praebendas
535 4546 771 4607 concesserunt
782 4546 817 4605 iu
828 4546 900 4622 ipso
915 4548 1121 4608 monasterio

326 4642 550 4713 monachales
573 4658 615 4702 ex
640 4657 705 4718 quo
736 4642 930 4717 pradictum
953 4644 1123 4704 monaste-

324 4741 412 4801 rium
437 4739 619 4800 enormiter
644 4740 694 4801 est
726 4741 912 4814 gravatum,
941 4756 1016 4800 cum
1041 4739 1122 4800 dicti

325 4838 404 4898 laici
415 4852 490 4898 cum
503 4834 674 4907 uxoribus
692 4838 725 4897 et
740 4836 817 4897 liliis
833 4837 867 4897 in
883 4836 1034 4897 domibus
1050 4851 1123 4911 pro·

325 4934 408 5010 priis
421 4932 615 5010 praebendas
629 4935 825 4996 consumant
839 4934 983 5003 easdem,
998 4948 1041 4991 eu
1054 4933 1124 5007 qui·

325 5031 387 5091 bus
424 5031 559 5107 possent
596 5030 708 5106 plures
744 5030 899 5091 monachi
928 5028 1119 5089 sustentari.

1501 1218 1643 1303 CXVII

1232 1367 1284 1427 Aa
1302 1367 1456 1427 abbatem
1475 1366 1509 1427 ct
1531 1366 1736 1427 coercentem
1753 1365 1787 1426 S.
1809 1365 1911 1426 Petra·

1469 1475 1673 1533 Galzdcnsts.

1451 1602 1485 1658 lb
1503 1603 1597 1658 martii
1613 1601 1691 1658 llio.

1175 1724 1414 1788 [bockereu,Cbart.
1421 1731 1448 1775 et
1455 1726 1515 1776 Dec.
1524 1726 1555 1774 de
1562 1724 1638 1775 l'abb.
1646 1724 1679 1774 de
1686 1724 1828 1776 St.·Pierre.
1839 1724 1975 1788 meae]

1209 1851 1258 1907 Eis
1274 1850 1410 1908 ecclesias
1425 1849 1461 1907 de
1471 1849 1669 1921 Estgreueuiz
1679 1856 1706 1906 et
1719 1847 1754 1905 de
1765 1848 1936 1906 Lievasham

1494 1940 1653 1996 coufirmat.

1214 2057 1380 2116 Honorius
1390 2057 1576 2132 episcopus,
1589 2071 1704 2116 servus
1715 2069 1886 2114 seruorum
1895 2056 1970 2126 Dei,

1174 2151 1304 2214 dilectis
1321 2152 1399 2212 nliis
1424 2153 1535 2212 abbati
1560 2153 1592 2213 et
1618 2151 1795 2214 couventui
1822 2153 1854 2211 S.
1873 2152 1968 2212 Petri

1175 2250 1371 2321 (tendenda,
1386 2251 1526 2310 salutem
1536 2253 1599 2310 etc.

1215 2349 1295 2406 Cum
1308 2363 1328 2408 a
1343 2347 1440 2408 nobis
1466 2347 1590 2423 petitur
1613 2346 1700 2424 quod
1722 2348 1848 2421 justum
1863 2346 1914 2406 est
1935 2349 1974 2408 et

1175 2444 1362 2515 honestum,
1376 2445 1444 2505 tam
1468 2445 1564 2519 vigor
1590 2443 1756 2520 aequitatis
1770 2459 1867 2520 quam
1887 2443 1974 2504 ordo

1176 2541 1281 2616 exigit
1293 2541 1447 2609 rationis,
1464 2541 1500 2602 ut
1524 2541 1556 2600 id
1570 2557 1630 2616 per
1646 2540 1904 2601 sollicitudiuem
1917 2540 1973 2600 os-

1123 2651 1132 2658 ·
1175 2637 1243 2698 ficii
1255 2639 1362 2700 nostri
1376 2637 1418 2699 ad
1434 2638 1579 2699 debitum
1594 2637 1971 2714 perducatureffectum.

1175 2736 1367 2812 eapropter,
1397 2734 1509 2796 dilecti
1539 2737 1575 2795 in
1601 2735 1741 2796 Domino
1756 2734 1828 2804 tilii,
1846 2735 1971 2795 vestris

1171 2833 1272 2908 justis
1284 2832 1438 2908 precibus
1457 2832 1621 2903 inclinati,
1637 2833 1678 2891 de
1692 2831 1916 2906 Estgrenewiz
1935 2835 1970 2892 et

1175 2925 1216 2989 de
1245 2929 1442 2990 Lieveslram
1459 2930 1630 2999 ecclesius,
1645 2945 1665 2989 a
1680 2929 1776 2989 bonae
1797 2929 1970 2989 memoriae

1176 3026 1331 3102 episcopo
1364 3027 1524 3097 nonensi,
1554 3026 1692 3101 capituli
1719 3027 1770 3086 sui
1792 3026 1971 3086 accedente

1175 3138 1351 3195 consensu,
1364 3125 1567 3185 monasterio
1579 3124 1690 3186 vestro
1700 3124 1756 3200 pia
1768 3123 1971 3184 liberalitate

1175 3222 1326 3293 collatas,
1343 3219 1429 3283 sicut
1449 3238 1507 3283 eas
1522 3225 1623 3299 juste,
1647 3224 1807 3283 canonice
1823 3238 1863 3281 ac
1877 3222 1973 3298 paci-

1176 3320 1238 3379 fice
1262 3320 1449 3395 possidetis
1464 3322 1498 3382 et
1523 3321 1558 3380 iu
1577 3320 1696 3381 litteris
1719 3319 1796 3379 inde
1811 3320 1971 3379 contectis

1176 3417 1307 3493 plenius
1329 3418 1494 3479 contineri
1521 3418 1653 3486 dicitur,
1669 3414 1763 3475 robis
1777 3418 1810 3477 et
1822 3432 1881 3492 per
1895 3432 1968 3488 voe,

1175 3514 1283 3575 eidem
1319 3514 1523 3575 monasterio
1551 3513 1749 3573 auctoritate
1779 3514 1971 3589 Apostolica

1175 3612 1421 3682 confirmamus,
1431 3612 1464 3670 et
1472 3610 1645 3685 praesentis
1655 3610 1770 3686 scripti
1784 3611 1971 3687 patrocinio

1176 3708 1428 3770 communimus.
1445 3705 1538 3766 Nulli
1554 3722 1632 3781 ergo
1644 3708 1778 3767 omuino
1794 3708 1969 3767 bominum

1176 3805 1276 3868 liceat
1287 3804 1375 3863 banc
1398 3803 1554 3879 pagiuam
1567 3803 1689 3863 nostrae
1704 3803 1970 3863 confirmationiS

1175 3902 1370 3977 infringere,
1386 3900 1439 3961 uel
1452 3900 1482 3959 ei
1495 3914 1581 3959 ausu
1594 3897 1772 3959 temerario
1783 3898 1964 3959 contraire.

1177 4000 1212 4061 Si
1231 3999 1306 4076 quis
1321 3998 1432 4059 autem
1445 3996 1508 4057 boc
1527 3996 1692 4058 attentare
1707 3993 1969 4071 praesumpserit,

1175 4096 1438 4173 indignationem
1468 4094 1702 4171 omnipotentis
1722 4092 1781 4153 Dei
1803 4092 1835 4151 et
1854 4089 1975 4151 beato-

1176 4211 1249 4255 rum
1276 4195 1368 4256 Petri
1382 4195 1415 4255 et
1428 4194 1524 4254 Pauli
1534 4192 1759 4269 apostolorum
1775 4193 1846 4265 ejus
1858 4205 1894 4248 se
1909 4204 1974 4248 no-

1175 4285 1968 4356 veritiucursurum.DatumLaterani,XVlllsal.

1178 4392 1305 4468 aprilis
1323 4388 1534 4465 pontificatus
1546 4384 1651 4445 nostri
1665 4398 1752 4443 anno
1766 4382 1905 4442 decimo.

1489 4604 1653 4691 CXVIII

1229 4760 1281 4817 Ad
1295 4755 1427 4831 fratres
1442 4734 1721 4815 Praedtcatarum
1735 4754 1770 4813 et
1781 4752 1913 4827 fratres

1335 4855 1538 4913 Miaroresia
1558 4852 1806 4911 Maraabiuata

1455 4984 1486 5039 u
1501 4981 1596 5037 maun
1612 4962 1690 5037 abac.

1312 5104 1462 5169 [Bullatium
1477 5105 1630 5160 Romanum,
1648 5104 1692 5160 lll,
1704 5116 1722 5160 ι,
1733 5116 1759 5150 n.
1769 5102 1836 5165 iil]

325 5128 419 5190 Unde
434 5128 589 5204 petebant
602 5129 638 5189 ut
650 5144 706 5190 eas
722 5128 874 5189 revocari
892 5126 933 5187 ad
949 5126 1121 5187 monaste-

325 5226 412 5286 rium
427 5225 671 5287 mandaremus.
699 5226 782 5297 Quia
810 5239 890 5285 vero
914 5223 1123 5297 regularium
1177 5220 1290 5280 Ordinis
1305 5220 1537 5288 praedicatorum,
1554 5227 1582 5275 et
1605 5218 1701 5276 sancti
1722 5215 1969 5274 Franciscilrutn-

326 5323 498 5383 domorum
525 5322 709 5399 dispendiis
745 5320 902 5381 debemus
929 5336 1119 5393 occurrere,
1213 5308 1350 5381 busflnud
1359 5308 1488 5366 infideles
1507 5306 1688 5379 degentibus,
1701 5313 1735 5403 111
1749 5304 1877 5361 habitum
1905 5320 1971 5403 mu·

328 5420 414 5482 sicut
435 5421 468 5480 et
494 5418 693 5481 utilitatibus
717 5418 903 5494 providere,
927 5417 1123 5478 discretioni
1213 5406 1284 5465 tare,
1311 5394 1429 5452 1111111111
1455 5403 1618 5494 1110111111
1634 5400 1750 5459 11111111,
1780 5406 1815 5447 111
1835 5405 1974 5463 1111111113

324 5521 444 5581 vestrae
468 5532 529 5593 per
551 5514 741 5591 Apostolica
766 5514 890 5591 scripta
914 5515 1122 5584 mandamus,
1214 5492 1335 5543 ¹¹³⁰¹²¹f⁸
1349 5484 1474 5553 ‘mm’
1490 5482 1664 5553 ¹¹¹d¹¹¹get¹ffi

326 5618 500 5695 quatenus,
515 5615 544 5677 si
559 5612 653 5676 vobis
673 5612 860 5677 constiterit
873 5613 914 5675 de
928 5612 1122 5691 praemissis,
1219 5610 1387 5673 Honorius
1397 5609 1892 5687 episcopus,servusservorum
1900 5606 1973 5677 Dei,
