<?xml version="1.0" encoding="UTF-8"?>
<!DOCTYPE html PUBLIC "-//W3C//DTD XHTML 1.0 Transitional//EN"
    "http://www.w3.org/TR/xhtml1/DTD/xhtml1-transitional.dtd">
<html xmlns="http://www.w3.org/1999/xhtml" xml:lang="en" lang="en">
 <head>
  <title>
</title>
<meta http-equiv="Content-Type" content="text/html;charset=utf-8" />
  <meta name='ocr-system' content='tesseract 3.04.00' />
  <meta name='ocr-capabilities' content='ocr_page ocr_carea ocr_par ocr_line ocrx_word'/>
</head>
<body>
  <div class='ocr_page' id='page_1' title='image "./mediiaevibiblio08bottgoog/mediiaevibiblio08bottgoog_0088.png"; bbox 0 0 4217 6400; ppageno 0'>
   <div class='ocr_carea' id='block_1_1' title="bbox 327 332 386 394">
    <p class='ocr_par' dir='ltr' id='par_1_1' title="bbox 327 332 386 394">
     <span class='ocr_line' id='line_1_1' title="bbox 327 332 386 394; baseline 0.034 -2"><span class='ocrx_word' id='word_1_1' title='bbox 327 332 386 394; x_wconf 83' lang='lat'><strong>135</strong></span> 
     </span>
    </p>
   </div>
   <div class='ocr_carea' id='block_1_2' title="bbox 322 491 1131 5535">
    <p class='ocr_par' dir='ltr' id='par_1_2' title="bbox 326 491 1117 846">
     <span class='ocr_line' id='line_1_2' title="bbox 326 491 1114 572; baseline 0.005 -20"><span class='ocrx_word' id='word_1_2' title='bbox 326 491 430 564; x_wconf 90' lang='lat' dir='ltr'><strong>ribus,</strong></span> <span class='ocrx_word' id='word_1_3' title='bbox 441 493 591 568; x_wconf 82' lang='lat' dir='ltr'><strong>usuagiis</strong></span> <span class='ocrx_word' id='word_1_4' title='bbox 606 493 791 571; x_wconf 89' lang='lat' dir='ltr'><strong>etpascuis,</strong></span> <span class='ocrx_word' id='word_1_5' title='bbox 805 494 839 553; x_wconf 92' lang='grc'><strong>11</strong></span> <span class='ocrx_word' id='word_1_6' title='bbox 848 492 950 556; x_wconf 91' lang='lat' dir='ltr'><strong>bosco</strong></span> <span class='ocrx_word' id='word_1_7' title='bbox 961 496 995 556; x_wconf 92' lang='lat' dir='ltr'><strong>et</strong></span> <span class='ocrx_word' id='word_1_8' title='bbox 1004 495 1114 572; x_wconf 88' lang='grc'><strong>11010,</strong></span> 
     </span>
     <span class='ocr_line' id='line_1_3' title="bbox 326 591 1117 667; baseline 0.005 -17"><span class='ocrx_word' id='word_1_9' title='bbox 326 591 361 650; x_wconf 90' lang='lat' dir='ltr'><strong>in</strong></span> <span class='ocrx_word' id='word_1_10' title='bbox 376 592 473 667; x_wconf 89' lang='lat' dir='ltr'><strong>aquis</strong></span> <span class='ocrx_word' id='word_1_11' title='bbox 486 593 519 652; x_wconf 93' lang='lat' dir='ltr'><strong>et</strong></span> <span class='ocrx_word' id='word_1_12' title='bbox 529 592 738 662; x_wconf 88' lang='lat' dir='ltr'><strong>molendinis,</strong></span> <span class='ocrx_word' id='word_1_13' title='bbox 752 591 787 651; x_wconf 91' lang='grc'><strong>11</strong></span> <span class='ocrx_word' id='word_1_14' title='bbox 805 591 869 653; x_wconf 91' lang='lat' dir='ltr'><strong>viis</strong></span> <span class='ocrx_word' id='word_1_15' title='bbox 884 593 918 654; x_wconf 90' lang='lat' dir='ltr'><strong>et</strong></span> <span class='ocrx_word' id='word_1_16' title='bbox 931 593 1069 662; x_wconf 89' lang='lat' dir='ltr'><strong>semitis,</strong></span> <span class='ocrx_word' id='word_1_17' title='bbox 1085 593 1117 654; x_wconf 89' lang='lat' dir='ltr'><strong>et</strong></span> 
     </span>
     <span class='ocr_line' id='line_1_4' title="bbox 326 688 1116 752; baseline 0.001 -3"><span class='ocrx_word' id='word_1_18' title='bbox 326 689 479 749; x_wconf 90' lang='lat' dir='ltr'><strong>omnibus</strong></span> <span class='ocrx_word' id='word_1_19' title='bbox 496 689 573 750; x_wconf 89' lang='lat' dir='ltr'><strong>aliis</strong></span> <span class='ocrx_word' id='word_1_20' title='bbox 587 688 795 751; x_wconf 79' lang='lat' dir='ltr'><strong>libertatibus</strong></span> <span class='ocrx_word' id='word_1_21' title='bbox 806 691 839 752; x_wconf 92' lang='lat' dir='ltr'><strong>et</strong></span> <span class='ocrx_word' id='word_1_22' title='bbox 853 690 1116 751; x_wconf 88' lang='lat' dir='ltr'><strong>immunitatibus</strong></span> 
     </span>
     <span class='ocr_line' id='line_1_5' title="bbox 327 787 407 846; baseline -0.013 0"><span class='ocrx_word' id='word_1_23' title='bbox 327 787 407 846; x_wconf 90' lang='lat' dir='ltr'><strong>suis.</strong></span> 
     </span>
    </p>

    <p class='ocr_par' dir='ltr' id='par_1_3' title="bbox 322 884 1131 5535">
     <span class='ocr_line' id='line_1_6' title="bbox 366 884 1116 963; baseline 0 -19"><span class='ocrx_word' id='word_1_24' title='bbox 366 886 453 945; x_wconf 87' lang='lat' dir='ltr'><strong>Sane</strong></span> <span class='ocrx_word' id='word_1_25' title='bbox 467 884 637 945; x_wconf 90' lang='lat' dir='ltr'><strong>novalium</strong></span> <span class='ocrx_word' id='word_1_26' title='bbox 656 885 853 957; x_wconf 89' lang='lat' dir='ltr'><strong>vestrorum,</strong></span> <span class='ocrx_word' id='word_1_27' title='bbox 870 901 944 963; x_wconf 75' lang='lat' dir='ltr'><strong>quae</strong></span> <span class='ocrx_word' id='word_1_28' title='bbox 972 885 1116 961; x_wconf 89' lang='lat' dir='ltr'><strong>propriis</strong></span> 
     </span>
     <span class='ocr_line' id='line_1_7' title="bbox 324 979 1116 1056; baseline 0.001 -17"><span class='ocrx_word' id='word_1_29' title='bbox 324 979 524 1041; x_wconf 87' lang='lat' dir='ltr'><strong>manibusac</strong></span> <span class='ocrx_word' id='word_1_30' title='bbox 538 981 723 1056; x_wconf 87' lang='lat' dir='ltr'><strong>sumptibus</strong></span> <span class='ocrx_word' id='word_1_31' title='bbox 736 982 855 1053; x_wconf 80' lang='lat' dir='ltr'><strong>coltile,</strong></span> <span class='ocrx_word' id='word_1_32' title='bbox 867 983 977 1042; x_wconf 89' lang='lat' dir='ltr'><strong>nullus</strong></span> <span class='ocrx_word' id='word_1_33' title='bbox 992 997 1011 1042; x_wconf 90' lang='grc'><strong>0</strong></span> <span class='ocrx_word' id='word_1_34' title='bbox 1023 980 1116 1041; x_wconf 91' lang='lat' dir='ltr'><strong>vobis</strong></span> 
     </span>
     <span class='ocr_line' id='line_1_8' title="bbox 323 1076 1115 1156; baseline 0 -20"><span class='ocrx_word' id='word_1_35' title='bbox 323 1076 469 1137; x_wconf 89' lang='lat' dir='ltr'><strong>decimas</strong></span> <span class='ocrx_word' id='word_1_36' title='bbox 491 1076 627 1152; x_wconf 82' lang='lat' dir='ltr'><strong>exigere</strong></span> <span class='ocrx_word' id='word_1_37' title='bbox 643 1079 695 1138; x_wconf 91' lang='lat' dir='ltr'><strong>vel</strong></span> <span class='ocrx_word' id='word_1_38' title='bbox 710 1079 909 1156; x_wconf 80' lang='lat' dir='ltr'><strong>extorquere</strong></span> <span class='ocrx_word' id='word_1_39' title='bbox 925 1077 1115 1154; x_wconf 87' lang='lat' dir='ltr'><strong>praesumat.</strong></span> 
     </span>
     <span class='ocr_line' id='line_1_9' title="bbox 322 1174 1118 1251; baseline 0.004 -18"><span class='ocrx_word' id='word_1_40' title='bbox 322 1174 438 1236; x_wconf 86' lang='lat' dir='ltr'><strong>Liceat</strong></span> <span class='ocrx_word' id='word_1_41' title='bbox 450 1190 578 1251; x_wconf 90' lang='lat' dir='ltr'><strong>quoque</strong></span> <span class='ocrx_word' id='word_1_42' title='bbox 589 1175 682 1238; x_wconf 87' lang='lat' dir='ltr'><strong>vobis</strong></span> <span class='ocrx_word' id='word_1_43' title='bbox 698 1177 837 1237; x_wconf 88' lang='lat' dir='ltr'><strong>clericos</strong></span> <span class='ocrx_word' id='word_1_44' title='bbox 850 1176 903 1237; x_wconf 92' lang='lat' dir='ltr'><strong>vel</strong></span> <span class='ocrx_word' id='word_1_45' title='bbox 918 1176 1022 1237; x_wconf 88' lang='lat' dir='ltr'><strong>laicos</strong></span> <span class='ocrx_word' id='word_1_46' title='bbox 1037 1175 1118 1236; x_wconf 91' lang='lat' dir='ltr'><strong>libe-</strong></span> 
     </span>
     <span class='ocr_line' id='line_1_10' title="bbox 323 1271 1117 1348; baseline 0 -16"><span class='ocrx_word' id='word_1_47' title='bbox 323 1286 380 1332; x_wconf 86' lang='lat' dir='ltr'><strong>ros</strong></span> <span class='ocrx_word' id='word_1_48' title='bbox 390 1273 423 1332; x_wconf 94' lang='lat' dir='ltr'><strong>et</strong></span> <span class='ocrx_word' id='word_1_49' title='bbox 437 1271 605 1332; x_wconf 89' lang='lat' dir='ltr'><strong>absolutos</strong></span> <span class='ocrx_word' id='word_1_50' title='bbox 621 1289 639 1332; x_wconf 93' lang='grc'><strong>0</strong></span> <span class='ocrx_word' id='word_1_51' title='bbox 652 1272 774 1333; x_wconf 91' lang='lat' dir='ltr'><strong>saeculo</strong></span> <span class='ocrx_word' id='word_1_52' title='bbox 799 1272 964 1348; x_wconf 84' lang='lat' dir='ltr'><strong>fugientes</strong></span> <span class='ocrx_word' id='word_1_53' title='bbox 976 1273 1017 1333; x_wconf 95' lang='lat' dir='ltr'><strong>ad</strong></span> <span class='ocrx_word' id='word_1_54' title='bbox 1032 1288 1117 1332; x_wconf 93' lang='lat' dir='ltr'><strong>con-</strong></span> 
     </span>
     <span class='ocr_line' id='line_1_11' title="bbox 322 1370 1118 1447; baseline -0.001 -17"><span class='ocrx_word' id='word_1_55' title='bbox 322 1370 512 1430; x_wconf 83' lang='lat' dir='ltr'><strong>versionem</strong></span> <span class='ocrx_word' id='word_1_56' title='bbox 526 1370 687 1446; x_wconf 91' lang='lat' dir='ltr'><strong>recipere,</strong></span> <span class='ocrx_word' id='word_1_57' title='bbox 704 1385 744 1431; x_wconf 91' lang='lat' dir='ltr'><strong>ac</strong></span> <span class='ocrx_word' id='word_1_58' title='bbox 765 1386 823 1432; x_wconf 90' lang='lat' dir='ltr'><strong>eos</strong></span> <span class='ocrx_word' id='word_1_59' title='bbox 839 1370 963 1447; x_wconf 90' lang='lat' dir='ltr'><strong>absque</strong></span> <span class='ocrx_word' id='word_1_60' title='bbox 978 1373 1118 1430; x_wconf 90' lang='lat' dir='ltr'><strong>contra-</strong></span> 
     </span>
     <span class='ocr_line' id='line_1_12' title="bbox 323 1465 1116 1542; baseline -0.001 -15"><span class='ocrx_word' id='word_1_61' title='bbox 323 1465 468 1528; x_wconf 90' lang='lat' dir='ltr'><strong>dictione</strong></span> <span class='ocrx_word' id='word_1_62' title='bbox 480 1466 594 1542; x_wconf 90' lang='lat' dir='ltr'><strong>aliqua</strong></span> <span class='ocrx_word' id='word_1_63' title='bbox 608 1468 765 1528; x_wconf 89' lang='lat' dir='ltr'><strong>retinere.</strong></span> <span class='ocrx_word' id='word_1_64' title='bbox 782 1468 1002 1529; x_wconf 89' lang='lat' dir='ltr'><strong>Prohibemus</strong></span> <span class='ocrx_word' id='word_1_65' title='bbox 1016 1469 1116 1527; x_wconf 89' lang='lat' dir='ltr'><strong>insu-</strong></span> 
     </span>
     <span class='ocr_line' id='line_1_13' title="bbox 324 1562 1119 1641; baseline -0.001 -17"><span class='ocrx_word' id='word_1_66' title='bbox 324 1579 395 1640; x_wconf 87' lang='lat' dir='ltr'><strong>per,</strong></span> <span class='ocrx_word' id='word_1_67' title='bbox 411 1564 447 1625; x_wconf 86' lang='grc'><strong>11</strong></span> <span class='ocrx_word' id='word_1_68' title='bbox 457 1563 541 1624; x_wconf 91' lang='lat' dir='ltr'><strong>nulli</strong></span> <span class='ocrx_word' id='word_1_69' title='bbox 553 1562 694 1626; x_wconf 80' lang='lat' dir='ltr'><strong>fratrum</strong></span> <span class='ocrx_word' id='word_1_70' title='bbox 708 1567 896 1626; x_wconf 89' lang='lat' dir='ltr'><strong>vestrorum</strong></span> <span class='ocrx_word' id='word_1_71' title='bbox 909 1567 983 1641; x_wconf 91' lang='lat' dir='ltr'><strong>post</strong></span> <span class='ocrx_word' id='word_1_72' title='bbox 996 1562 1119 1625; x_wconf 83' lang='lat' dir='ltr'><strong>iactam</strong></span> 
     </span>
     <span class='ocr_line' id='line_1_14' title="bbox 324 1660 1120 1738; baseline -0.001 -17"><span class='ocrx_word' id='word_1_73' title='bbox 324 1660 360 1721; x_wconf 89' lang='lat' dir='ltr'><strong>in</strong></span> <span class='ocrx_word' id='word_1_74' title='bbox 384 1661 586 1722; x_wconf 91' lang='lat' dir='ltr'><strong>monasterio</strong></span> <span class='ocrx_word' id='word_1_75' title='bbox 601 1664 712 1723; x_wconf 85' lang='lat' dir='ltr'><strong>vestro</strong></span> <span class='ocrx_word' id='word_1_76' title='bbox 739 1661 982 1738; x_wconf 82' lang='lat' dir='ltr'><strong>professionem</strong></span> <span class='ocrx_word' id='word_1_77' title='bbox 1009 1661 1059 1722; x_wconf 87' lang='lat' dir='ltr'><strong>las</strong></span> <span class='ocrx_word' id='word_1_78' title='bbox 1076 1661 1120 1721; x_wconf 90' lang='lat' dir='ltr'><strong>sit</strong></span> 
     </span>
     <span class='ocr_line' id='line_1_15' title="bbox 323 1757 1118 1834; baseline 0.001 -16"><span class='ocrx_word' id='word_1_79' title='bbox 323 1759 397 1819; x_wconf 89' lang='grc'><strong>0110</strong></span> <span class='ocrx_word' id='word_1_80' title='bbox 412 1758 533 1834; x_wconf 86' lang='grc'><strong>1110110</strong></span> <span class='ocrx_word' id='word_1_81' title='bbox 557 1759 610 1818; x_wconf 89' lang='lat' dir='ltr'><strong>sui</strong></span> <span class='ocrx_word' id='word_1_82' title='bbox 623 1759 759 1820; x_wconf 89' lang='lat' dir='ltr'><strong>licentia</strong></span> <span class='ocrx_word' id='word_1_83' title='bbox 771 1760 812 1820; x_wconf 93' lang='lat' dir='ltr'><strong>de</strong></span> <span class='ocrx_word' id='word_1_84' title='bbox 831 1759 947 1820; x_wconf 92' lang='lat' dir='ltr'><strong>eodem</strong></span> <span class='ocrx_word' id='word_1_85' title='bbox 962 1759 1035 1819; x_wconf 93' lang='grc'><strong>1000</strong></span> <span class='ocrx_word' id='word_1_86' title='bbox 1051 1757 1118 1819; x_wconf 88' lang='grc'><strong>1101</strong></span> 
     </span>
     <span class='ocr_line' id='line_1_16' title="bbox 326 1853 1121 1934; baseline -0.001 -19"><span class='ocrx_word' id='word_1_87' title='bbox 326 1855 482 1917; x_wconf 88' lang='lat' dir='ltr'><strong>arctioris</strong></span> <span class='ocrx_word' id='word_1_88' title='bbox 492 1855 635 1930; x_wconf 83' lang='lat' dir='ltr'><strong>legionis</strong></span> <span class='ocrx_word' id='word_1_89' title='bbox 650 1853 697 1934; x_wconf 90' lang='lat'><strong>(1)</strong></span> <span class='ocrx_word' id='word_1_90' title='bbox 710 1856 845 1917; x_wconf 89' lang='lat' dir='ltr'><strong>obtentu</strong></span> <span class='ocrx_word' id='word_1_91' title='bbox 856 1855 1038 1916; x_wconf 85' lang='lat' dir='ltr'><strong>discedere.</strong></span> <span class='ocrx_word' id='word_1_92' title='bbox 1050 1855 1121 1914; x_wconf 81' lang='lat' dir='ltr'><strong>bis·</strong></span> 
     </span>
     <span class='ocr_line' id='line_1_17' title="bbox 324 1951 1121 2029; baseline 0 -17"><span class='ocrx_word' id='word_1_93' title='bbox 324 1951 495 2012; x_wconf 82' lang='lat' dir='ltr'><strong>cedentem</strong></span> <span class='ocrx_word' id='word_1_94' title='bbox 509 1967 589 2012; x_wconf 92' lang='lat' dir='ltr'><strong>vero</strong></span> <span class='ocrx_word' id='word_1_95' title='bbox 604 1951 729 2029; x_wconf 85' lang='lat' dir='ltr'><strong>absque</strong></span> <span class='ocrx_word' id='word_1_96' title='bbox 750 1954 974 2013; x_wconf 90' lang='lat' dir='ltr'><strong>communium</strong></span> <span class='ocrx_word' id='word_1_97' title='bbox 989 1953 1121 2013; x_wconf 90' lang='lat' dir='ltr'><strong>littera-</strong></span> 
     </span>
     <span class='ocr_line' id='line_1_18' title="bbox 324 2050 1122 2111; baseline -0.001 -1"><span class='ocrx_word' id='word_1_98' title='bbox 324 2065 399 2110; x_wconf 88' lang='lat' dir='ltr'><strong>rum</strong></span> <span class='ocrx_word' id='word_1_99' title='bbox 410 2051 596 2110; x_wconf 88' lang='lat' dir='ltr'><strong>vestrarum</strong></span> <span class='ocrx_word' id='word_1_100' title='bbox 612 2051 766 2111; x_wconf 90' lang='lat' dir='ltr'><strong>cautione</strong></span> <span class='ocrx_word' id='word_1_101' title='bbox 782 2050 894 2110; x_wconf 90' lang='lat' dir='ltr'><strong>nullus</strong></span> <span class='ocrx_word' id='word_1_102' title='bbox 908 2051 1030 2111; x_wconf 89' lang='lat' dir='ltr'><strong>audeat</strong></span> <span class='ocrx_word' id='word_1_103' title='bbox 1044 2050 1122 2110; x_wconf 89' lang='lat' dir='ltr'><strong>reti-</strong></span> 
     </span>
     <span class='ocr_line' id='line_1_19' title="bbox 325 2145 1121 2223; baseline -0.001 -17"><span class='ocrx_word' id='word_1_104' title='bbox 325 2161 417 2206; x_wconf 89' lang='lat' dir='ltr'><strong>nere.</strong></span> <span class='ocrx_word' id='word_1_105' title='bbox 429 2145 969 2223; x_wconf 76' lang='grc'><strong>00111111011101001101101001</strong></span> <span class='ocrx_word' id='word_1_106' title='bbox 981 2146 1121 2206; x_wconf 87' lang='lat' dir='ltr'><strong>liberam</strong></span> 
     </span>
     <span class='ocr_line' id='line_1_20' title="bbox 326 2241 1121 2303; baseline -0.003 -1"><span class='ocrx_word' id='word_1_107' title='bbox 326 2257 400 2302; x_wconf 89' lang='lat' dir='ltr'><strong>esse</strong></span> <span class='ocrx_word' id='word_1_108' title='bbox 414 2241 532 2302; x_wconf 88' lang='lat' dir='ltr'><strong>decere</strong></span> <span class='ocrx_word' id='word_1_109' title='bbox 547 2242 756 2302; x_wconf 88' lang='lat' dir='ltr'><strong>decernimus</strong></span> <span class='ocrx_word' id='word_1_110' title='bbox 772 2243 808 2303; x_wconf 93' lang='lat' dir='ltr'><strong>ut</strong></span> <span class='ocrx_word' id='word_1_111' title='bbox 822 2257 937 2302; x_wconf 88' lang='lat' dir='ltr'><strong>eorum</strong></span> <span class='ocrx_word' id='word_1_112' title='bbox 951 2241 1121 2303; x_wconf 91' lang='lat' dir='ltr'><strong>devotioni</strong></span> 
     </span>
     <span class='ocr_line' id='line_1_21' title="bbox 326 2338 1121 2416; baseline 0 -17"><span class='ocrx_word' id='word_1_113' title='bbox 326 2341 361 2399; x_wconf 90' lang='lat' dir='ltr'><strong>et</strong></span> <span class='ocrx_word' id='word_1_114' title='bbox 383 2339 542 2400; x_wconf 83' lang='lat' dir='ltr'><strong>extremae</strong></span> <span class='ocrx_word' id='word_1_115' title='bbox 564 2338 740 2409; x_wconf 89' lang='lat' dir='ltr'><strong>voluntati,</strong></span> <span class='ocrx_word' id='word_1_116' title='bbox 757 2340 864 2416; x_wconf 89' lang='lat' dir='ltr'><strong>quise</strong></span> <span class='ocrx_word' id='word_1_117' title='bbox 888 2339 958 2401; x_wconf 90' lang='lat' dir='ltr'><strong>illie</strong></span> <span class='ocrx_word' id='word_1_118' title='bbox 979 2339 1121 2415; x_wconf 87' lang='lat' dir='ltr'><strong>sepelire</strong></span> 
     </span>
     <span class='ocr_line' id='line_1_22' title="bbox 327 2433 1122 2506; baseline -0.001 -10"><span class='ocrx_word' id='word_1_119' title='bbox 327 2433 672 2506; x_wconf 90' lang='lat' dir='ltr'><strong>deliberaverint,nisi</strong></span> <span class='ocrx_word' id='word_1_120' title='bbox 683 2435 767 2497; x_wconf 87' lang='grc'><strong>10110</strong></span> <span class='ocrx_word' id='word_1_121' title='bbox 778 2436 1057 2498; x_wconf 83' lang='lat' dir='ltr'><strong>exeommunicati</strong></span> <span class='ocrx_word' id='word_1_122' title='bbox 1069 2435 1122 2496; x_wconf 90' lang='lat' dir='ltr'><strong>vel</strong></span> 
     </span>
     <span class='ocr_line' id='line_1_23' title="bbox 326 2531 1121 2605; baseline -0.003 -11"><span class='ocrx_word' id='word_1_123' title='bbox 326 2531 496 2594; x_wconf 84' lang='lat' dir='ltr'><strong>interdicti</strong></span> <span class='ocrx_word' id='word_1_124' title='bbox 517 2532 595 2604; x_wconf 91' lang='lat' dir='ltr'><strong>sint,</strong></span> <span class='ocrx_word' id='word_1_125' title='bbox 608 2533 721 2592; x_wconf 90' lang='lat' dir='ltr'><strong>nullus</strong></span> <span class='ocrx_word' id='word_1_126' title='bbox 735 2533 886 2605; x_wconf 89' lang='lat' dir='ltr'><strong>obsistat,</strong></span> <span class='ocrx_word' id='word_1_127' title='bbox 903 2533 1121 2595; x_wconf 88' lang='lat' dir='ltr'><strong>salvatamen</strong></span> 
     </span>
     <span class='ocr_line' id='line_1_24' title="bbox 324 2629 1123 2708; baseline 0.003 -19"><span class='ocrx_word' id='word_1_128' title='bbox 324 2629 455 2707; x_wconf 87' lang='lat' dir='ltr'><strong>justitia</strong></span> <span class='ocrx_word' id='word_1_129' title='bbox 471 2630 604 2690; x_wconf 90' lang='lat' dir='ltr'><strong>illarum</strong></span> <span class='ocrx_word' id='word_1_130' title='bbox 625 2630 886 2702; x_wconf 89' lang='lat' dir='ltr'><strong>ecclesiarum,a</strong></span> <span class='ocrx_word' id='word_1_131' title='bbox 902 2629 1022 2708; x_wconf 92' lang='lat' dir='ltr'><strong>quibus</strong></span> <span class='ocrx_word' id='word_1_132' title='bbox 1037 2645 1123 2692; x_wconf 91' lang='lat' dir='ltr'><strong>mor·</strong></span> 
     </span>
     <span class='ocr_line' id='line_1_25' title="bbox 328 2728 1121 2806; baseline 0.003 -18"><span class='ocrx_word' id='word_1_133' title='bbox 328 2728 461 2788; x_wconf 88' lang='lat' dir='ltr'><strong>tuorum</strong></span> <span class='ocrx_word' id='word_1_134' title='bbox 474 2729 1121 2806; x_wconf 74' lang='grc' dir='ltr'><strong>001101000011111101.1100110011εο-</strong></span> 
     </span>
     <span class='ocr_line' id='line_1_26' title="bbox 326 2825 1123 2903; baseline 0.003 -19"><span class='ocrx_word' id='word_1_135' title='bbox 326 2825 419 2885; x_wconf 89' lang='lat' dir='ltr'><strong>terea</strong></span> <span class='ocrx_word' id='word_1_136' title='bbox 445 2827 478 2888; x_wconf 90' lang='lat' dir='ltr'><strong>et</strong></span> <span class='ocrx_word' id='word_1_137' title='bbox 501 2825 729 2902; x_wconf 86' lang='lat' dir='ltr'><strong>possessiones</strong></span> <span class='ocrx_word' id='word_1_138' title='bbox 755 2825 796 2886; x_wconf 87' lang='lat' dir='ltr'><strong>ad</strong></span> <span class='ocrx_word' id='word_1_139' title='bbox 817 2827 875 2903; x_wconf 90' lang='lat' dir='ltr'><strong>jus</strong></span> <span class='ocrx_word' id='word_1_140' title='bbox 903 2826 1123 2886; x_wconf 86' lang='lat' dir='ltr'><strong>ecclesiarum</strong></span> 
     </span>
     <span class='ocr_line' id='line_1_27' title="bbox 327 2922 1124 2998; baseline -0.003 -14"><span class='ocrx_word' id='word_1_141' title='bbox 327 2923 516 2984; x_wconf 84' lang='lat' dir='ltr'><strong>vestrarum</strong></span> <span class='ocrx_word' id='word_1_142' title='bbox 528 2924 727 2998; x_wconf 86' lang='lat' dir='ltr'><strong>spectantes,</strong></span> <span class='ocrx_word' id='word_1_143' title='bbox 740 2939 844 2998; x_wconf 85' lang='lat' dir='ltr'><strong>quaes</strong></span> <span class='ocrx_word' id='word_1_144' title='bbox 859 2922 955 2984; x_wconf 88' lang='lat' dir='ltr'><strong>laicis</strong></span> <span class='ocrx_word' id='word_1_145' title='bbox 968 2923 1124 2985; x_wconf 88' lang='lat' dir='ltr'><strong>detinen-</strong></span> 
     </span>
     <span class='ocr_line' id='line_1_28' title="bbox 328 3018 1122 3095; baseline -0.001 -14"><span class='ocrx_word' id='word_1_146' title='bbox 328 3019 394 3092; x_wconf 86' lang='lat' dir='ltr'><strong>tur,</strong></span> <span class='ocrx_word' id='word_1_147' title='bbox 407 3019 592 3080; x_wconf 90' lang='lat' dir='ltr'><strong>redimendi</strong></span> <span class='ocrx_word' id='word_1_148' title='bbox 607 3022 640 3080; x_wconf 94' lang='lat' dir='ltr'><strong>et</strong></span> <span class='ocrx_word' id='word_1_149' title='bbox 653 3018 800 3095; x_wconf 89' lang='lat' dir='ltr'><strong>legitime</strong></span> <span class='ocrx_word' id='word_1_150' title='bbox 814 3018 980 3081; x_wconf 89' lang='lat' dir='ltr'><strong>liberandi</strong></span> <span class='ocrx_word' id='word_1_151' title='bbox 992 3020 1033 3081; x_wconf 89' lang='lat' dir='ltr'><strong>de</strong></span> <span class='ocrx_word' id='word_1_152' title='bbox 1046 3036 1122 3080; x_wconf 91' lang='lat' dir='ltr'><strong>ma-</strong></span> 
     </span>
     <span class='ocr_line' id='line_1_29' title="bbox 329 3120 1125 3200; baseline 0.003 -20"><span class='ocrx_word' id='word_1_153' title='bbox 329 3120 428 3180; x_wconf 90' lang='lat' dir='ltr'><strong>nibus</strong></span> <span class='ocrx_word' id='word_1_154' title='bbox 442 3136 556 3182; x_wconf 92' lang='lat' dir='ltr'><strong>eorum</strong></span> <span class='ocrx_word' id='word_1_155' title='bbox 571 3121 605 3182; x_wconf 90' lang='lat' dir='ltr'><strong>et</strong></span> <span class='ocrx_word' id='word_1_156' title='bbox 620 3121 662 3180; x_wconf 92' lang='lat' dir='ltr'><strong>ad</strong></span> <span class='ocrx_word' id='word_1_157' title='bbox 678 3121 848 3192; x_wconf 87' lang='lat' dir='ltr'><strong>ecclesias,</strong></span> <span class='ocrx_word' id='word_1_158' title='bbox 865 3121 906 3181; x_wconf 90' lang='lat' dir='ltr'><strong>ad</strong></span> <span class='ocrx_word' id='word_1_159' title='bbox 920 3137 1001 3200; x_wconf 89' lang='lat' dir='ltr'><strong>quas</strong></span> <span class='ocrx_word' id='word_1_160' title='bbox 1019 3121 1125 3198; x_wconf 89' lang='lat' dir='ltr'><strong>perti-</strong></span> 
     </span>
     <span class='ocr_line' id='line_1_30' title="bbox 329 3218 1123 3309; baseline 0.003 -31"><span class='ocrx_word' id='word_1_161' title='bbox 329 3219 421 3288; x_wconf 89' lang='lat' dir='ltr'><strong>nent,</strong></span> <span class='ocrx_word' id='word_1_162' title='bbox 438 3218 629 3289; x_wconf 90' lang='lat' dir='ltr'><strong>revocandi,</strong></span> <span class='ocrx_word' id='word_1_163' title='bbox 651 3218 756 3279; x_wconf 89' lang='lat' dir='ltr'><strong>libera</strong></span> <span class='ocrx_word' id='word_1_164' title='bbox 781 3219 826 3309; x_wconf 71' lang='lat' dir='ltr'><strong>sit</strong></span> <span class='ocrx_word' id='word_1_165' title='bbox 846 3218 940 3280; x_wconf 88' lang='lat' dir='ltr'><strong>vobis</strong></span> <span class='ocrx_word' id='word_1_166' title='bbox 955 3219 996 3280; x_wconf 90' lang='lat' dir='ltr'><strong>de</strong></span> <span class='ocrx_word' id='word_1_167' title='bbox 1010 3221 1123 3280; x_wconf 89' lang='lat' dir='ltr'><strong>nostra</strong></span> 
     </span>
     <span class='ocr_line' id='line_1_31' title="bbox 331 3313 1124 3379; baseline 0.003 -4"><span class='ocrx_word' id='word_1_168' title='bbox 331 3315 530 3376; x_wconf 89' lang='lat' dir='ltr'><strong>auctoritate</strong></span> <span class='ocrx_word' id='word_1_169' title='bbox 545 3313 697 3377; x_wconf 85' lang='grc'><strong>10001100.</strong></span> <span class='ocrx_word' id='word_1_170' title='bbox 714 3315 862 3378; x_wconf 91' lang='lat' dir='ltr'><strong>Obeunte</strong></span> <span class='ocrx_word' id='word_1_171' title='bbox 883 3333 963 3379; x_wconf 87' lang='lat' dir='ltr'><strong>vero</strong></span> <span class='ocrx_word' id='word_1_172' title='bbox 992 3316 1124 3377; x_wconf 91' lang='lat' dir='ltr'><strong>demum</strong></span> 
     </span>
     <span class='ocr_line' id='line_1_32' title="bbox 331 3411 1123 3493; baseline 0.005 -22"><span class='ocrx_word' id='word_1_173' title='bbox 331 3411 479 3488; x_wconf 79' lang='lat' dir='ltr'><strong>eJusdem</strong></span> <span class='ocrx_word' id='word_1_174' title='bbox 494 3411 559 3473; x_wconf 90' lang='lat' dir='ltr'><strong>loci</strong></span> <span class='ocrx_word' id='word_1_175' title='bbox 571 3412 683 3487; x_wconf 89' lang='lat' dir='ltr'><strong>priore</strong></span> <span class='ocrx_word' id='word_1_176' title='bbox 697 3413 751 3473; x_wconf 92' lang='lat' dir='ltr'><strong>vel</strong></span> <span class='ocrx_word' id='word_1_177' title='bbox 766 3412 896 3489; x_wconf 93' lang='lat' dir='ltr'><strong>piorum</strong></span> <span class='ocrx_word' id='word_1_178' title='bbox 912 3412 960 3493; x_wconf 75' lang='lat'><strong>(2)</strong></span> <span class='ocrx_word' id='word_1_179' title='bbox 976 3414 1123 3491; x_wconf 87' lang='lat' dir='ltr'><strong>quolibet</strong></span> 
     </span>
     <span class='ocr_line' id='line_1_33' title="bbox 328 3509 1123 3588; baseline 0.006 -20"><span class='ocrx_word' id='word_1_180' title='bbox 328 3524 575 3581; x_wconf 88' lang='lat' dir='ltr'><strong>successorum,</strong></span> <span class='ocrx_word' id='word_1_181' title='bbox 591 3509 702 3570; x_wconf 91' lang='lat' dir='ltr'><strong>nullus</strong></span> <span class='ocrx_word' id='word_1_182' title='bbox 713 3510 760 3571; x_wconf 90' lang='lat' dir='ltr'><strong>ibi</strong></span> <span class='ocrx_word' id='word_1_183' title='bbox 773 3509 921 3587; x_wconf 89' lang='lat' dir='ltr'><strong>qualibet</strong></span> <span class='ocrx_word' id='word_1_184' title='bbox 932 3511 1123 3588; x_wconf 90' lang='lat' dir='ltr'><strong>subreptio-</strong></span> 
     </span>
     <span class='ocr_line' id='line_1_34' title="bbox 330 3606 1124 3686; baseline 0.005 -20"><span class='ocrx_word' id='word_1_185' title='bbox 330 3606 384 3667; x_wconf 88' lang='lat' dir='ltr'><strong>nis</strong></span> <span class='ocrx_word' id='word_1_186' title='bbox 400 3607 522 3668; x_wconf 88' lang='lat' dir='ltr'><strong>astutia</strong></span> <span class='ocrx_word' id='word_1_187' title='bbox 536 3622 597 3667; x_wconf 90' lang='lat' dir='ltr'><strong>seu</strong></span> <span class='ocrx_word' id='word_1_188' title='bbox 621 3608 781 3668; x_wconf 88' lang='lat' dir='ltr'><strong>violentia</strong></span> <span class='ocrx_word' id='word_1_189' title='bbox 804 3612 1030 3686; x_wconf 79' lang='lat' dir='ltr'><strong>praeponatur,</strong></span> <span class='ocrx_word' id='word_1_190' title='bbox 1059 3610 1124 3670; x_wconf 89' lang='lat' dir='ltr'><strong>nisi</strong></span> 
     </span>
     <span class='ocr_line' id='line_1_35' title="bbox 330 3704 1125 3782; baseline 0.005 -19"><span class='ocrx_word' id='word_1_191' title='bbox 330 3720 428 3782; x_wconf 91' lang='lat' dir='ltr'><strong>quem</strong></span> <span class='ocrx_word' id='word_1_192' title='bbox 440 3704 561 3766; x_wconf 85' lang='lat' dir='ltr'><strong>iratres</strong></span> <span class='ocrx_word' id='word_1_193' title='bbox 576 3705 742 3767; x_wconf 90' lang='lat' dir='ltr'><strong>communi</strong></span> <span class='ocrx_word' id='word_1_194' title='bbox 751 3720 915 3770; x_wconf 88' lang='lat' dir='ltr'><strong>consensu</strong></span> <span class='ocrx_word' id='word_1_195' title='bbox 922 3708 975 3768; x_wconf 90' lang='lat' dir='ltr'><strong>vel</strong></span> <span class='ocrx_word' id='word_1_196' title='bbox 984 3707 1125 3768; x_wconf 82' lang='lat' dir='ltr'><strong>fratrum</strong></span> 
     </span>
     <span class='ocr_line' id='line_1_36' title="bbox 330 3802 1125 3879; baseline 0.005 -18"><span class='ocrx_word' id='word_1_197' title='bbox 330 3818 408 3879; x_wconf 78' lang='lat' dir='ltr'><strong>pars</strong></span> <span class='ocrx_word' id='word_1_198' title='bbox 423 3802 560 3878; x_wconf 91' lang='lat' dir='ltr'><strong>majoris</strong></span> <span class='ocrx_word' id='word_1_199' title='bbox 575 3803 608 3863; x_wconf 91' lang='lat' dir='ltr'><strong>et</strong></span> <span class='ocrx_word' id='word_1_200' title='bbox 631 3802 777 3863; x_wconf 89' lang='lat' dir='ltr'><strong>sanioris</strong></span> <span class='ocrx_word' id='word_1_201' title='bbox 792 3803 924 3864; x_wconf 90' lang='lat' dir='ltr'><strong>consilii</strong></span> <span class='ocrx_word' id='word_1_202' title='bbox 944 3806 1125 3865; x_wconf 88' lang='lat' dir='ltr'><strong>secundum</strong></span> 
     </span>
     <span class='ocr_line' id='line_1_37' title="bbox 331 3897 1127 3978; baseline 0.004 -19"><span class='ocrx_word' id='word_1_203' title='bbox 331 3900 436 3959; x_wconf 90' lang='lat' dir='ltr'><strong>Deum</strong></span> <span class='ocrx_word' id='word_1_204' title='bbox 455 3901 489 3959; x_wconf 91' lang='lat' dir='ltr'><strong>et</strong></span> <span class='ocrx_word' id='word_1_205' title='bbox 501 3897 591 3958; x_wconf 86' lang='lat' dir='ltr'><strong>beati</strong></span> <span class='ocrx_word' id='word_1_206' title='bbox 609 3899 781 3960; x_wconf 89' lang='lat' dir='ltr'><strong>Benedicti</strong></span> <span class='ocrx_word' id='word_1_207' title='bbox 794 3901 945 3976; x_wconf 91' lang='lat' dir='ltr'><strong>regulam</strong></span> <span class='ocrx_word' id='word_1_208' title='bbox 970 3902 1127 3978; x_wconf 85' lang='lat' dir='ltr'><strong>provide-</strong></span> 
     </span>
     <span class='ocr_line' id='line_1_38' title="bbox 331 3994 1124 4074; baseline 0.004 -17"><span class='ocrx_word' id='word_1_209' title='bbox 331 3995 401 4057; x_wconf 90' lang='lat' dir='ltr'><strong>rint</strong></span> <span class='ocrx_word' id='word_1_210' title='bbox 414 3994 614 4070; x_wconf 86' lang='lat' dir='ltr'><strong>eligendum.</strong></span> <span class='ocrx_word' id='word_1_211' title='bbox 630 3996 711 4055; x_wconf 90' lang='lat' dir='ltr'><strong>Paci</strong></span> <span class='ocrx_word' id='word_1_212' title='bbox 725 4012 855 4073; x_wconf 91' lang='lat' dir='ltr'><strong>quoque</strong></span> <span class='ocrx_word' id='word_1_213' title='bbox 878 3997 911 4059; x_wconf 92' lang='lat' dir='ltr'><strong>et</strong></span> <span class='ocrx_word' id='word_1_214' title='bbox 928 3998 1124 4074; x_wconf 88' lang='lat' dir='ltr'><strong>tranquilli-</strong></span> 
     </span>
     <span class='ocr_line' id='line_1_39' title="bbox 331 4092 1126 4169; baseline 0.005 -14"><span class='ocrx_word' id='word_1_215' title='bbox 331 4093 394 4155; x_wconf 85' lang='lat' dir='ltr'><strong>tati</strong></span> <span class='ocrx_word' id='word_1_216' title='bbox 404 4092 712 4169; x_wconf 88' lang='lat' dir='ltr'><strong>vestraepaternain</strong></span> <span class='ocrx_word' id='word_1_217' title='bbox 725 4095 1126 4169; x_wconf 87' lang='lat' dir='ltr'><strong>posterumsollicitudine</strong></span> 
     </span>
     <span class='ocr_line' id='line_1_40' title="bbox 332 4190 1127 4270; baseline 0.008 -21"><span class='ocrx_word' id='word_1_218' title='bbox 332 4190 509 4267; x_wconf 89' lang='lat' dir='ltr'><strong>providere</strong></span> <span class='ocrx_word' id='word_1_219' title='bbox 530 4190 694 4262; x_wconf 90' lang='lat' dir='ltr'><strong>volentes,</strong></span> <span class='ocrx_word' id='word_1_220' title='bbox 718 4193 915 4254; x_wconf 89' lang='lat' dir='ltr'><strong>auctoritate</strong></span> <span class='ocrx_word' id='word_1_221' title='bbox 936 4194 1127 4270; x_wconf 78' lang='lat' dir='ltr'><strong>Apostolica</strong></span> 
     </span>
     <span class='ocr_line' id='line_1_41' title="bbox 332 4287 1127 4365; baseline 0.006 -17"><span class='ocrx_word' id='word_1_222' title='bbox 332 4287 703 4365; x_wconf 78' lang='grc'><strong>1101110110,11111110</strong></span> <span class='ocrx_word' id='word_1_223' title='bbox 718 4290 892 4351; x_wconf 90' lang='lat' dir='ltr'><strong>clausuras</strong></span> <span class='ocrx_word' id='word_1_224' title='bbox 907 4291 1057 4352; x_wconf 88' lang='lat' dir='ltr'><strong>locorum</strong></span> <span class='ocrx_word' id='word_1_225' title='bbox 1068 4308 1127 4353; x_wconf 90' lang='lat' dir='ltr'><strong>seu</strong></span> 
     </span>
     <span class='ocr_line' id='line_1_42' title="bbox 333 4385 1127 4465; baseline 0.006 -19"><span class='ocrx_word' id='word_1_226' title='bbox 333 4385 549 4463; x_wconf 87' lang='lat' dir='ltr'><strong>grangiarum</strong></span> <span class='ocrx_word' id='word_1_227' title='bbox 561 4387 749 4446; x_wconf 88' lang='lat' dir='ltr'><strong>vestrarum</strong></span> <span class='ocrx_word' id='word_1_228' title='bbox 772 4388 885 4449; x_wconf 90' lang='lat' dir='ltr'><strong>nullus</strong></span> <span class='ocrx_word' id='word_1_229' title='bbox 899 4389 1052 4465; x_wconf 88' lang='lat' dir='ltr'><strong>rapinam</strong></span> <span class='ocrx_word' id='word_1_230' title='bbox 1068 4406 1127 4450; x_wconf 91' lang='lat' dir='ltr'><strong>seu</strong></span> 
     </span>
     <span class='ocr_line' id='line_1_43' title="bbox 334 4482 1127 4563; baseline 0.005 -19"><span class='ocrx_word' id='word_1_231' title='bbox 334 4484 458 4545; x_wconf 87' lang='lat' dir='ltr'><strong>furtum</strong></span> <span class='ocrx_word' id='word_1_232' title='bbox 470 4482 593 4555; x_wconf 84' lang='lat' dir='ltr'><strong>facere,</strong></span> <span class='ocrx_word' id='word_1_233' title='bbox 610 4482 722 4558; x_wconf 84' lang='lat' dir='ltr'><strong>ignem</strong></span> <span class='ocrx_word' id='word_1_234' title='bbox 734 4498 913 4559; x_wconf 88' lang='lat' dir='ltr'><strong>apponere,</strong></span> <span class='ocrx_word' id='word_1_235' title='bbox 929 4487 1127 4563; x_wconf 88' lang='lat' dir='ltr'><strong>sauguinem</strong></span> 
     </span>
     <span class='ocr_line' id='line_1_44' title="bbox 333 4579 1129 4656; baseline 0.005 -16"><span class='ocrx_word' id='word_1_236' title='bbox 333 4580 484 4651; x_wconf 84' lang='lat' dir='ltr'><strong>fundere,</strong></span> <span class='ocrx_word' id='word_1_237' title='bbox 507 4579 809 4640; x_wconf 88' lang='lat' dir='ltr'><strong>bominemtemere</strong></span> <span class='ocrx_word' id='word_1_238' title='bbox 823 4596 942 4656; x_wconf 88' lang='lat' dir='ltr'><strong>capere</strong></span> <span class='ocrx_word' id='word_1_239' title='bbox 953 4584 1005 4643; x_wconf 88' lang='lat' dir='ltr'><strong>vel</strong></span> <span class='ocrx_word' id='word_1_240' title='bbox 1023 4585 1129 4646; x_wconf 91' lang='lat' dir='ltr'><strong>inter-</strong></span> 
     </span>
     <span class='ocr_line' id='line_1_45' title="bbox 335 4676 1127 4748; baseline 0.004 -10"><span class='ocrx_word' id='word_1_241' title='bbox 335 4676 445 4748; x_wconf 87' lang='grc'><strong>110010,</strong></span> <span class='ocrx_word' id='word_1_242' title='bbox 461 4691 521 4736; x_wconf 90' lang='lat' dir='ltr'><strong>seu</strong></span> <span class='ocrx_word' id='word_1_243' title='bbox 535 4676 729 4737; x_wconf 88' lang='lat' dir='ltr'><strong>violentiam</strong></span> <span class='ocrx_word' id='word_1_244' title='bbox 743 4676 864 4737; x_wconf 87' lang='lat' dir='ltr'><strong>audeat</strong></span> <span class='ocrx_word' id='word_1_245' title='bbox 874 4693 1042 4740; x_wconf 84' lang='lat' dir='ltr'><strong>exercere.</strong></span> <span class='ocrx_word' id='word_1_246' title='bbox 1060 4683 1127 4741; x_wconf 90' lang='lat' dir='ltr'><strong>De-</strong></span> 
     </span>
     <span class='ocr_line' id='line_1_46' title="bbox 335 4771 1128 4847; baseline 0.003 -11"><span class='ocrx_word' id='word_1_247' title='bbox 335 4774 502 4836; x_wconf 90' lang='lat' dir='ltr'><strong>cernimus</strong></span> <span class='ocrx_word' id='word_1_248' title='bbox 528 4787 608 4847; x_wconf 92' lang='lat' dir='ltr'><strong>ergo</strong></span> <span class='ocrx_word' id='word_1_249' title='bbox 635 4775 671 4833; x_wconf 90' lang='lat' dir='ltr'><strong>ut</strong></span> <span class='ocrx_word' id='word_1_250' title='bbox 691 4771 776 4831; x_wconf 90' lang='lat' dir='ltr'><strong>nulli</strong></span> <span class='ocrx_word' id='word_1_251' title='bbox 799 4774 933 4835; x_wconf 91' lang='lat' dir='ltr'><strong>omnino</strong></span> <span class='ocrx_word' id='word_1_252' title='bbox 958 4776 1128 4839; x_wconf 89' lang='lat' dir='ltr'><strong>bominum</strong></span> 
     </span>
     <span class='ocr_line' id='line_1_47' title="bbox 335 4869 1127 4951; baseline 0.006 -20"><span class='ocrx_word' id='word_1_253' title='bbox 335 4872 436 4932; x_wconf 88' lang='lat' dir='ltr'><strong>liceat</strong></span> <span class='ocrx_word' id='word_1_254' title='bbox 449 4870 622 4947; x_wconf 74' lang='lat' dir='ltr'><strong>praelatum</strong></span> <span class='ocrx_word' id='word_1_255' title='bbox 644 4869 883 4931; x_wconf 86' lang='lat' dir='ltr'><strong>monasterium</strong></span> <span class='ocrx_word' id='word_1_256' title='bbox 898 4872 1024 4934; x_wconf 91' lang='lat' dir='ltr'><strong>temere</strong></span> <span class='ocrx_word' id='word_1_257' title='bbox 1047 4890 1127 4951; x_wconf 90' lang='lat' dir='ltr'><strong>per-</strong></span> 
     </span>
     <span class='ocr_line' id='line_1_48' title="bbox 336 4967 1128 5043; baseline 0.005 -13"><span class='ocrx_word' id='word_1_258' title='bbox 336 4968 471 5030; x_wconf 87' lang='lat' dir='ltr'><strong>turbare</strong></span> <span class='ocrx_word' id='word_1_259' title='bbox 489 4967 546 5028; x_wconf 89' lang='lat' dir='ltr'><strong>aut</strong></span> <span class='ocrx_word' id='word_1_260' title='bbox 572 4969 644 5043; x_wconf 87' lang='lat' dir='ltr'><strong>ejus</strong></span> <span class='ocrx_word' id='word_1_261' title='bbox 662 4967 890 5042; x_wconf 89' lang='lat' dir='ltr'><strong>possessiones</strong></span> <span class='ocrx_word' id='word_1_262' title='bbox 916 4970 1048 5031; x_wconf 80' lang='lat' dir='ltr'><strong>auterre</strong></span> <span class='ocrx_word' id='word_1_263' title='bbox 1076 4975 1128 5034; x_wconf 94' lang='lat' dir='ltr'><strong>vel</strong></span> 
     </span>
     <span class='ocr_line' id='line_1_49' title="bbox 338 5062 1130 5143; baseline 0.006 -17"><span class='ocrx_word' id='word_1_264' title='bbox 338 5064 467 5126; x_wconf 87' lang='lat' dir='ltr'><strong>ablatas</strong></span> <span class='ocrx_word' id='word_1_265' title='bbox 489 5062 645 5134; x_wconf 79' lang='lat' dir='ltr'><strong>retinere,</strong></span> <span class='ocrx_word' id='word_1_266' title='bbox 668 5064 818 5125; x_wconf 87' lang='lat' dir='ltr'><strong>minuere</strong></span> <span class='ocrx_word' id='word_1_267' title='bbox 844 5081 904 5127; x_wconf 91' lang='lat' dir='ltr'><strong>seu</strong></span> <span class='ocrx_word' id='word_1_268' title='bbox 928 5068 1130 5143; x_wconf 88' lang='lat' dir='ltr'><strong>quibuslibet</strong></span> 
     </span>
     <span class='ocr_line' id='line_1_50' title="bbox 337 5160 1129 5243; baseline 0.009 -20"><span class='ocrx_word' id='word_1_269' title='bbox 337 5160 571 5224; x_wconf 79' lang='lat' dir='ltr'><strong>vexationibus</strong></span> <span class='ocrx_word' id='word_1_270' title='bbox 598 5160 751 5235; x_wconf 81' lang='lat' dir='ltr'><strong>fatigare,</strong></span> <span class='ocrx_word' id='word_1_271' title='bbox 776 5161 834 5223; x_wconf 88' lang='lat' dir='ltr'><strong>sed</strong></span> <span class='ocrx_word' id='word_1_272' title='bbox 862 5164 974 5225; x_wconf 87' lang='lat' dir='ltr'><strong>omnia</strong></span> <span class='ocrx_word' id='word_1_273' title='bbox 999 5166 1129 5243; x_wconf 91' lang='lat' dir='ltr'><strong>integra</strong></span> 
     </span>
     <span class='ocr_line' id='line_1_51' title="bbox 338 5258 1131 5337; baseline 0.006 -16"><span class='ocrx_word' id='word_1_274' title='bbox 338 5258 576 5321; x_wconf 88' lang='lat' dir='ltr'><strong>conserventur</strong></span> <span class='ocrx_word' id='word_1_275' title='bbox 589 5273 715 5331; x_wconf 89' lang='lat' dir='ltr'><strong>eorum,</strong></span> <span class='ocrx_word' id='word_1_276' title='bbox 732 5276 791 5336; x_wconf 90' lang='lat' dir='ltr'><strong>pro</strong></span> <span class='ocrx_word' id='word_1_277' title='bbox 804 5276 943 5336; x_wconf 91' lang='lat' dir='ltr'><strong>quorum</strong></span> <span class='ocrx_word' id='word_1_278' title='bbox 961 5262 1131 5337; x_wconf 87' lang='lat' dir='ltr'><strong>guberne-</strong></span> 
     </span>
     <span class='ocr_line' id='line_1_52' title="bbox 339 5355 1129 5424; baseline 0.008 -6"><span class='ocrx_word' id='word_1_279' title='bbox 339 5358 429 5419; x_wconf 92' lang='lat' dir='ltr'><strong>tione</strong></span> <span class='ocrx_word' id='word_1_280' title='bbox 444 5358 477 5417; x_wconf 91' lang='lat' dir='ltr'><strong>et</strong></span> <span class='ocrx_word' id='word_1_281' title='bbox 492 5355 730 5417; x_wconf 87' lang='lat' dir='ltr'><strong>sustentatione</strong></span> <span class='ocrx_word' id='word_1_282' title='bbox 741 5372 908 5419; x_wconf 84' lang='lat' dir='ltr'><strong>concessa</strong></span> <span class='ocrx_word' id='word_1_283' title='bbox 922 5362 1000 5422; x_wconf 90' lang='lat' dir='ltr'><strong>sunt</strong></span> <span class='ocrx_word' id='word_1_284' title='bbox 1014 5362 1129 5424; x_wconf 88' lang='lat' dir='ltr'><strong>usibus</strong></span> 
     </span>
     <span class='ocr_line' id='line_1_53' title="bbox 339 5451 1128 5535; baseline 0.008 -20"><span class='ocrx_word' id='word_1_285' title='bbox 339 5452 537 5515; x_wconf 89' lang='lat' dir='ltr'><strong>omnimodis</strong></span> <span class='ocrx_word' id='word_1_286' title='bbox 560 5451 745 5530; x_wconf 79' lang='lat' dir='ltr'><strong>profutura,</strong></span> <span class='ocrx_word' id='word_1_287' title='bbox 762 5455 854 5517; x_wconf 87' lang='lat' dir='ltr'><strong>salva</strong></span> <span class='ocrx_word' id='word_1_288' title='bbox 870 5456 965 5517; x_wconf 85' lang='lat' dir='ltr'><strong>Sedis</strong></span> <span class='ocrx_word' id='word_1_289' title='bbox 983 5460 1128 5535; x_wconf 85' lang='lat' dir='ltr'><strong>Aposto-</strong></span> 
     </span>
    </p>
   </div>
   <div class='ocr_carea' id='block_1_3' title="bbox 375 5655 597 5730">
    <p class='ocr_par' dir='ltr' id='par_1_4' title="bbox 375 5655 597 5730">
     <span class='ocr_line' id='line_1_54' title="bbox 375 5655 597 5730; baseline 0 -17"><span class='ocrx_word' id='word_1_290' title='bbox 375 5657 415 5730; x_wconf 79' lang='grc'><strong>(1)</strong></span> <span class='ocrx_word' id='word_1_291' title='bbox 430 5655 597 5729; x_wconf 84' lang='lat' dir='ltr'><strong>Religionis.</strong></span> 
     </span>
    </p>
   </div>
   <div class='ocr_carea' id='block_1_4' title="bbox 937 334 1397 397">
    <p class='ocr_par' dir='ltr' id='par_1_5' title="bbox 937 334 1397 397">
     <span class='ocr_line' id='line_1_55' title="bbox 937 334 1397 397; baseline 0.002 -2"><span class='ocrx_word' id='word_1_292' title='bbox 937 334 1114 397; x_wconf 84' lang='lat' dir='ltr'><strong>HONORII</strong></span> <span class='ocrx_word' id='word_1_293' title='bbox 1136 334 1181 395; x_wconf 93' lang='lat'><strong>111</strong></span> <span class='ocrx_word' id='word_1_294' title='bbox 1202 335 1351 397; x_wconf 78' lang='lat' dir='ltr'><strong>OPERA.</strong></span> <span class='ocrx_word' id='word_1_295' title='bbox 1395 345 1397 355; x_wconf 92' lang='lat'>&#39;</span> 
     </span>
    </p>
   </div>
   <div class='ocr_carea' id='block_1_5' title="bbox 1909 329 1968 392">
    <p class='ocr_par' dir='ltr' id='par_1_6' title="bbox 1909 329 1968 392">
     <span class='ocr_line' id='line_1_56' title="bbox 1909 329 1968 392; baseline -0.034 0"><span class='ocrx_word' id='word_1_296' title='bbox 1909 329 1968 392; x_wconf 80' lang='lat' dir='ltr'><strong>iso</strong></span> 
     </span>
    </p>
   </div>
   <div class='ocr_carea' id='block_1_6' title="bbox 1169 489 1972 2808">
    <p class='ocr_par' dir='ltr' id='par_1_7' title="bbox 1169 489 1971 2223">
     <span class='ocr_line' id='line_1_57' title="bbox 1172 489 1969 568; baseline -0.005 -14"><span class='ocrx_word' id='word_1_297' title='bbox 1172 495 1246 556; x_wconf 89' lang='lat' dir='ltr'><strong>licae</strong></span> <span class='ocrx_word' id='word_1_298' title='bbox 1260 493 1458 555; x_wconf 88' lang='lat' dir='ltr'><strong>auctoritate</strong></span> <span class='ocrx_word' id='word_1_299' title='bbox 1471 495 1503 555; x_wconf 92' lang='lat' dir='ltr'><strong>et</strong></span> <span class='ocrx_word' id='word_1_300' title='bbox 1516 489 1969 568; x_wconf 79' lang='lat' dir='ltr'><strong>dioecosaniepiscopieauo-</strong></span> 
     </span>
     <span class='ocr_line' id='line_1_58' title="bbox 1172 587 1968 670; baseline -0.004 -18"><span class='ocrx_word' id='word_1_301' title='bbox 1172 593 1246 653; x_wconf 87' lang='lat' dir='ltr'><strong>nica</strong></span> <span class='ocrx_word' id='word_1_302' title='bbox 1257 591 1400 670; x_wconf 89' lang='lat' dir='ltr'><strong>justitia.</strong></span> <span class='ocrx_word' id='word_1_303' title='bbox 1416 587 1968 668; x_wconf 69' lang='grc'><strong>8111011111·11111111100010-</strong></span> 
     </span>
     <span class='ocr_line' id='line_1_59' title="bbox 1172 685 1967 764; baseline -0.005 -14"><span class='ocrx_word' id='word_1_304' title='bbox 1172 690 1307 751; x_wconf 87' lang='lat' dir='ltr'><strong>siastica</strong></span> <span class='ocrx_word' id='word_1_305' title='bbox 1331 689 1545 750; x_wconf 85' lang='lat' dir='ltr'><strong>saecularisve</strong></span> <span class='ocrx_word' id='word_1_306' title='bbox 1570 702 1712 764; x_wconf 89' lang='lat' dir='ltr'><strong>persona</strong></span> <span class='ocrx_word' id='word_1_307' title='bbox 1730 685 1819 746; x_wconf 91' lang='lat' dir='ltr'><strong>bauo</strong></span> <span class='ocrx_word' id='word_1_308' title='bbox 1843 687 1967 746; x_wconf 88' lang='lat' dir='ltr'><strong>nostrae</strong></span> 
     </span>
     <span class='ocr_line' id='line_1_60' title="bbox 1172 785 1968 862; baseline -0.005 -16"><span class='ocrx_word' id='word_1_309' title='bbox 1172 787 1418 849; x_wconf 85' lang='grc'><strong>00101110110110</strong></span> <span class='ocrx_word' id='word_1_310' title='bbox 1442 785 1596 862; x_wconf 84' lang='lat' dir='ltr'><strong>paginam</strong></span> <span class='ocrx_word' id='word_1_311' title='bbox 1624 785 1735 846; x_wconf 89' lang='lat' dir='ltr'><strong>sciens</strong></span> <span class='ocrx_word' id='word_1_312' title='bbox 1757 785 1873 844; x_wconf 85' lang='lat' dir='ltr'><strong>contra</strong></span> <span class='ocrx_word' id='word_1_313' title='bbox 1892 797 1968 843; x_wconf 90' lang='lat' dir='ltr'><strong>eam</strong></span> 
     </span>
     <span class='ocr_line' id='line_1_61' title="bbox 1170 881 1968 950; baseline -0.003 -6"><span class='ocrx_word' id='word_1_314' title='bbox 1170 885 1295 945; x_wconf 90' lang='lat' dir='ltr'><strong>temere</strong></span> <span class='ocrx_word' id='word_1_315' title='bbox 1308 885 1425 945; x_wconf 89' lang='lat' dir='ltr'><strong>venire</strong></span> <span class='ocrx_word' id='word_1_316' title='bbox 1450 883 1638 950; x_wconf 89' lang='lat' dir='ltr'><strong>tentaverit,</strong></span> <span class='ocrx_word' id='word_1_317' title='bbox 1656 881 1802 942; x_wconf 90' lang='lat' dir='ltr'><strong>secundo</strong></span> <span class='ocrx_word' id='word_1_318' title='bbox 1826 881 1968 942; x_wconf 88' lang='lat' dir='ltr'><strong>tertiove</strong></span> 
     </span>
     <span class='ocr_line' id='line_1_62' title="bbox 1172 981 1969 1054; baseline -0.004 -13"><span class='ocrx_word' id='word_1_319' title='bbox 1172 983 1383 1053; x_wconf 89' lang='lat' dir='ltr'><strong>commonita,</strong></span> <span class='ocrx_word' id='word_1_320' title='bbox 1405 981 1471 1041; x_wconf 92' lang='lat' dir='ltr'><strong>nisi</strong></span> <span class='ocrx_word' id='word_1_321' title='bbox 1486 981 1615 1041; x_wconf 90' lang='lat' dir='ltr'><strong>reatum</strong></span> <span class='ocrx_word' id='word_1_322' title='bbox 1631 995 1728 1040; x_wconf 91' lang='lat' dir='ltr'><strong>suum</strong></span> <span class='ocrx_word' id='word_1_323' title='bbox 1751 994 1899 1054; x_wconf 89' lang='lat' dir='ltr'><strong>congrua</strong></span> <span class='ocrx_word' id='word_1_324' title='bbox 1913 993 1969 1038; x_wconf 89' lang='lat' dir='ltr'><strong>sa-</strong></span> 
     </span>
     <span class='ocr_line' id='line_1_63' title="bbox 1172 1075 1970 1153; baseline -0.005 -15"><span class='ocrx_word' id='word_1_325' title='bbox 1172 1077 1360 1140; x_wconf 78' lang='lat' dir='ltr'><strong>tisfactione</strong></span> <span class='ocrx_word' id='word_1_326' title='bbox 1384 1077 1579 1147; x_wconf 84' lang='lat' dir='ltr'><strong>eorrexerit,</strong></span> <span class='ocrx_word' id='word_1_327' title='bbox 1608 1075 1782 1153; x_wconf 88' lang='lat' dir='ltr'><strong>potestatis</strong></span> <span class='ocrx_word' id='word_1_328' title='bbox 1809 1075 1970 1136; x_wconf 87' lang='lat' dir='ltr'><strong>honoris-</strong></span> 
     </span>
     <span class='ocr_line' id='line_1_64' title="bbox 1172 1172 1968 1252; baseline -0.003 -18"><span class='ocrx_word' id='word_1_329' title='bbox 1172 1192 1236 1252; x_wconf 85' lang='lat' dir='ltr'><strong>que</strong></span> <span class='ocrx_word' id='word_1_330' title='bbox 1252 1175 1302 1236; x_wconf 90' lang='lat' dir='ltr'><strong>sui</strong></span> <span class='ocrx_word' id='word_1_331' title='bbox 1314 1177 1427 1237; x_wconf 90' lang='lat' dir='ltr'><strong>careat</strong></span> <span class='ocrx_word' id='word_1_332' title='bbox 1441 1175 1612 1250; x_wconf 84' lang='lat' dir='ltr'><strong>dignitate,</strong></span> <span class='ocrx_word' id='word_1_333' title='bbox 1626 1187 1784 1250; x_wconf 89' lang='lat' dir='ltr'><strong>reamque</strong></span> <span class='ocrx_word' id='word_1_334' title='bbox 1806 1188 1842 1234; x_wconf 91' lang='lat' dir='ltr'><strong>se</strong></span> <span class='ocrx_word' id='word_1_335' title='bbox 1855 1172 1968 1232; x_wconf 88' lang='lat' dir='ltr'><strong>divino</strong></span> 
     </span>
     <span class='ocr_line' id='line_1_65' title="bbox 1169 1270 1969 1349; baseline -0.001 -17"><span class='ocrx_word' id='word_1_336' title='bbox 1169 1273 1295 1349; x_wconf 90' lang='lat' dir='ltr'><strong>judicio</strong></span> <span class='ocrx_word' id='word_1_337' title='bbox 1324 1273 1469 1334; x_wconf 81' lang='lat' dir='ltr'><strong>existere</strong></span> <span class='ocrx_word' id='word_1_338' title='bbox 1499 1272 1539 1332; x_wconf 90' lang='lat' dir='ltr'><strong>de</strong></span> <span class='ocrx_word' id='word_1_339' title='bbox 1571 1273 1760 1348; x_wconf 85' lang='lat' dir='ltr'><strong>perpetrata</strong></span> <span class='ocrx_word' id='word_1_340' title='bbox 1793 1270 1969 1346; x_wconf 83' lang='lat' dir='ltr'><strong>iniquitate</strong></span> 
     </span>
     <span class='ocr_line' id='line_1_66' title="bbox 1174 1371 1970 1446; baseline -0.005 -14"><span class='ocrx_word' id='word_1_341' title='bbox 1174 1372 1351 1446; x_wconf 90' lang='lat' dir='ltr'><strong>cognoscat</strong></span> <span class='ocrx_word' id='word_1_342' title='bbox 1363 1374 1427 1432; x_wconf 90' lang='lat' dir='ltr'><strong>eta</strong></span> <span class='ocrx_word' id='word_1_343' title='bbox 1442 1371 1654 1432; x_wconf 91' lang='lat' dir='ltr'><strong>sanctissimo</strong></span> <span class='ocrx_word' id='word_1_344' title='bbox 1670 1383 1809 1445; x_wconf 86' lang='lat' dir='ltr'><strong>corpore</strong></span> <span class='ocrx_word' id='word_1_345' title='bbox 1832 1383 1872 1429; x_wconf 90' lang='lat' dir='ltr'><strong>ac</strong></span> <span class='ocrx_word' id='word_1_346' title='bbox 1890 1383 1970 1428; x_wconf 86' lang='lat' dir='ltr'><strong>sau-</strong></span> 
     </span>
     <span class='ocr_line' id='line_1_67' title="bbox 1174 1465 1970 1542; baseline -0.003 -15"><span class='ocrx_word' id='word_1_347' title='bbox 1174 1468 1274 1542; x_wconf 90' lang='lat' dir='ltr'><strong>guine</strong></span> <span class='ocrx_word' id='word_1_348' title='bbox 1285 1469 1342 1528; x_wconf 90' lang='lat' dir='ltr'><strong>Dei</strong></span> <span class='ocrx_word' id='word_1_349' title='bbox 1353 1465 1970 1542; x_wconf 70' lang='grc'><strong>0110111111010111101101001111001</strong></span> 
     </span>
     <span class='ocr_line' id='line_1_68' title="bbox 1174 1565 1970 1641; baseline 0 -17"><span class='ocrx_word' id='word_1_350' title='bbox 1174 1565 1296 1626; x_wconf 85' lang='lat' dir='ltr'><strong>Christi</strong></span> <span class='ocrx_word' id='word_1_351' title='bbox 1313 1567 1422 1626; x_wconf 87' lang='lat' dir='ltr'><strong>aliena</strong></span> <span class='ocrx_word' id='word_1_352' title='bbox 1444 1565 1513 1636; x_wconf 86' lang='lat' dir='ltr'><strong>fiat,</strong></span> <span class='ocrx_word' id='word_1_353' title='bbox 1538 1566 1637 1641; x_wconf 89' lang='lat' dir='ltr'><strong>atque</strong></span> <span class='ocrx_word' id='word_1_354' title='bbox 1658 1565 1692 1625; x_wconf 92' lang='lat' dir='ltr'><strong>iu</strong></span> <span class='ocrx_word' id='word_1_355' title='bbox 1715 1565 1865 1625; x_wconf 87' lang='lat' dir='ltr'><strong>extremo</strong></span> <span class='ocrx_word' id='word_1_356' title='bbox 1886 1577 1970 1624; x_wconf 89' lang='lat' dir='ltr'><strong>exe-</strong></span> 
     </span>
     <span class='ocr_line' id='line_1_69' title="bbox 1175 1659 1969 1737; baseline -0.003 -15"><span class='ocrx_word' id='word_1_357' title='bbox 1175 1663 1263 1722; x_wconf 92' lang='lat' dir='ltr'><strong>mine</strong></span> <span class='ocrx_word' id='word_1_358' title='bbox 1291 1662 1449 1723; x_wconf 86' lang='lat' dir='ltr'><strong>districtae</strong></span> <span class='ocrx_word' id='word_1_359' title='bbox 1480 1661 1598 1723; x_wconf 93' lang='lat' dir='ltr'><strong>ultioni</strong></span> <span class='ocrx_word' id='word_1_360' title='bbox 1626 1660 1805 1737; x_wconf 87' lang='lat' dir='ltr'><strong>subjaceat.</strong></span> <span class='ocrx_word' id='word_1_361' title='bbox 1835 1659 1969 1721; x_wconf 85' lang='lat' dir='ltr'><strong>Cunctis</strong></span> 
     </span>
     <span class='ocr_line' id='line_1_70' title="bbox 1175 1756 1971 1834; baseline -0.003 -14"><span class='ocrx_word' id='word_1_362' title='bbox 1175 1763 1285 1820; x_wconf 88' lang='lat' dir='ltr'><strong>autem</strong></span> <span class='ocrx_word' id='word_1_363' title='bbox 1301 1759 1408 1820; x_wconf 91' lang='lat' dir='ltr'><strong>eidem</strong></span> <span class='ocrx_word' id='word_1_364' title='bbox 1430 1758 1503 1820; x_wconf 93' lang='lat' dir='ltr'><strong>loco</strong></span> <span class='ocrx_word' id='word_1_365' title='bbox 1528 1773 1587 1818; x_wconf 90' lang='lat' dir='ltr'><strong>sua</strong></span> <span class='ocrx_word' id='word_1_366' title='bbox 1608 1761 1686 1834; x_wconf 87' lang='lat' dir='ltr'><strong>jura</strong></span> <span class='ocrx_word' id='word_1_367' title='bbox 1700 1756 1910 1818; x_wconf 86' lang='lat' dir='ltr'><strong>servantibus</strong></span> <span class='ocrx_word' id='word_1_368' title='bbox 1927 1757 1971 1818; x_wconf 90' lang='lat' dir='ltr'><strong>sit</strong></span> 
     </span>
     <span class='ocr_line' id='line_1_71' title="bbox 1176 1855 1970 1932; baseline -0.003 -16"><span class='ocrx_word' id='word_1_369' title='bbox 1176 1857 1386 1932; x_wconf 78' lang='grc'><strong>1011101111</strong></span> <span class='ocrx_word' id='word_1_370' title='bbox 1411 1855 1519 1917; x_wconf 90' lang='lat' dir='ltr'><strong>nostri</strong></span> <span class='ocrx_word' id='word_1_371' title='bbox 1541 1859 1621 1918; x_wconf 87' lang='lat' dir='ltr'><strong>Jesu</strong></span> <span class='ocrx_word' id='word_1_372' title='bbox 1641 1855 1775 1927; x_wconf 85' lang='lat' dir='ltr'><strong>Christi,</strong></span> <span class='ocrx_word' id='word_1_373' title='bbox 1803 1857 1970 1932; x_wconf 89' lang='lat' dir='ltr'><strong>quatenus</strong></span> 
     </span>
     <span class='ocr_line' id='line_1_72' title="bbox 1175 1953 1971 2028; baseline -0.003 -14"><span class='ocrx_word' id='word_1_374' title='bbox 1175 1957 1207 2015; x_wconf 92' lang='grc'><strong>01</strong></span> <span class='ocrx_word' id='word_1_375' title='bbox 1231 1953 1285 2014; x_wconf 90' lang='lat' dir='ltr'><strong>hic</strong></span> <span class='ocrx_word' id='word_1_376' title='bbox 1311 1953 1454 2014; x_wconf 78' lang='lat' dir='ltr'><strong>fructum</strong></span> <span class='ocrx_word' id='word_1_377' title='bbox 1476 1953 1570 2014; x_wconf 89' lang='lat' dir='ltr'><strong>bonae</strong></span> <span class='ocrx_word' id='word_1_378' title='bbox 1590 1953 1731 2014; x_wconf 89' lang='lat' dir='ltr'><strong>actionis</strong></span> <span class='ocrx_word' id='word_1_379' title='bbox 1751 1953 1925 2028; x_wconf 87' lang='lat' dir='ltr'><strong>percipiat,</strong></span> <span class='ocrx_word' id='word_1_380' title='bbox 1939 1953 1971 2012; x_wconf 90' lang='lat' dir='ltr'><strong>et</strong></span> 
     </span>
     <span class='ocr_line' id='line_1_73' title="bbox 1176 2050 1971 2128; baseline -0.001 -18"><span class='ocrx_word' id='word_1_381' title='bbox 1176 2051 1262 2127; x_wconf 88' lang='lat' dir='ltr'><strong>apud</strong></span> <span class='ocrx_word' id='word_1_382' title='bbox 1290 2050 1475 2111; x_wconf 90' lang='lat' dir='ltr'><strong>districtum</strong></span> <span class='ocrx_word' id='word_1_383' title='bbox 1495 2050 1643 2128; x_wconf 89' lang='lat' dir='ltr'><strong>judicem</strong></span> <span class='ocrx_word' id='word_1_384' title='bbox 1669 2050 1806 2126; x_wconf 88' lang='lat' dir='ltr'><strong>praemia</strong></span> <span class='ocrx_word' id='word_1_385' title='bbox 1835 2052 1971 2110; x_wconf 79' lang='lat' dir='ltr'><strong>aeternae</strong></span> 
     </span>
     <span class='ocr_line' id='line_1_74' title="bbox 1176 2148 1572 2223; baseline -0.005 -15"><span class='ocrx_word' id='word_1_386' title='bbox 1176 2148 1268 2223; x_wconf 89' lang='lat' dir='ltr'><strong>pacis</strong></span> <span class='ocrx_word' id='word_1_387' title='bbox 1281 2148 1439 2209; x_wconf 89' lang='lat' dir='ltr'><strong>inveniet.</strong></span> <span class='ocrx_word' id='word_1_388' title='bbox 1457 2151 1572 2208; x_wconf 83' lang='lat' dir='ltr'><strong>Amen.</strong></span> 
     </span>
    </p>

    <p class='ocr_par' dir='ltr' id='par_1_8' title="bbox 1177 2243 1972 2808">
     <span class='ocr_line' id='line_1_75' title="bbox 1216 2243 1972 2320; baseline 0 -15"><span class='ocrx_word' id='word_1_389' title='bbox 1216 2247 1335 2306; x_wconf 89' lang='lat' dir='ltr'><strong>Datum</strong></span> <span class='ocrx_word' id='word_1_390' title='bbox 1351 2245 1507 2319; x_wconf 74' lang='lat' dir='ltr'><strong>Laterani</strong></span> <span class='ocrx_word' id='word_1_391' title='bbox 1523 2261 1583 2320; x_wconf 92' lang='lat' dir='ltr'><strong>per</strong></span> <span class='ocrx_word' id='word_1_392' title='bbox 1597 2259 1730 2305; x_wconf 89' lang='lat' dir='ltr'><strong>manum</strong></span> <span class='ocrx_word' id='word_1_393' title='bbox 1746 2243 1898 2320; x_wconf 87' lang='lat' dir='ltr'><strong>magistri</strong></span> <span class='ocrx_word' id='word_1_394' title='bbox 1914 2245 1972 2305; x_wconf 89' lang='lat' dir='ltr'><strong>si-</strong></span> 
     </span>
     <span class='ocr_line' id='line_1_76' title="bbox 1177 2341 1971 2403; baseline 0.001 -3"><span class='ocrx_word' id='word_1_395' title='bbox 1177 2341 1302 2402; x_wconf 91' lang='lat' dir='ltr'><strong>nibaldi</strong></span> <span class='ocrx_word' id='word_1_396' title='bbox 1313 2341 1476 2403; x_wconf 89' lang='lat' dir='ltr'><strong>auditoris</strong></span> <span class='ocrx_word' id='word_1_397' title='bbox 1487 2342 1768 2402; x_wconf 86' lang='lat' dir='ltr'><strong>contradictarum</strong></span> <span class='ocrx_word' id='word_1_398' title='bbox 1784 2341 1971 2402; x_wconf 89' lang='lat' dir='ltr'><strong>litterarum</strong></span> 
     </span>
     <span class='ocr_line' id='line_1_77' title="bbox 1177 2437 1969 2516; baseline 0.001 -19"><span class='ocrx_word' id='word_1_399' title='bbox 1177 2437 1301 2498; x_wconf 90' lang='lat' dir='ltr'><strong>domini</strong></span> <span class='ocrx_word' id='word_1_400' title='bbox 1324 2453 1427 2516; x_wconf 86' lang='lat' dir='ltr'><strong>papae,</strong></span> <span class='ocrx_word' id='word_1_401' title='bbox 1458 2441 1563 2500; x_wconf 89' lang='lat' dir='ltr'><strong>XVill</strong></span> <span class='ocrx_word' id='word_1_402' title='bbox 1589 2438 1751 2500; x_wconf 84' lang='lat' dir='ltr'><strong>kalendas</strong></span> <span class='ocrx_word' id='word_1_403' title='bbox 1775 2438 1969 2510; x_wconf 73' lang='lat' dir='ltr'><strong>decembris</strong></span> 
     </span>
     <span class='ocr_line' id='line_1_78' title="bbox 1177 2535 1971 2614; baseline 0 -18"><span class='ocrx_word' id='word_1_404' title='bbox 1177 2536 1357 2597; x_wconf 90' lang='lat' dir='ltr'><strong>indictione</strong></span> <span class='ocrx_word' id='word_1_405' title='bbox 1383 2538 1397 2597; x_wconf 96' lang='lat' dir='ltr'><strong>l</strong></span> <span class='ocrx_word' id='word_1_406' title='bbox 1421 2535 1486 2614; x_wconf 82' lang='grc'><strong>(1),</strong></span> <span class='ocrx_word' id='word_1_407' title='bbox 1519 2535 1763 2598; x_wconf 89' lang='grc'><strong>1100110110110</strong></span> <span class='ocrx_word' id='word_1_408' title='bbox 1791 2535 1971 2596; x_wconf 84' lang='lat' dir='ltr'><strong>Dominicae</strong></span> 
     </span>
     <span class='ocr_line' id='line_1_79' title="bbox 1178 2633 1971 2710; baseline -0.005 -15"><span class='ocrx_word' id='word_1_409' title='bbox 1178 2649 1265 2695; x_wconf 88' lang='lat' dir='ltr'><strong>anuo</strong></span> <span class='ocrx_word' id='word_1_410' title='bbox 1287 2635 1487 2705; x_wconf 85' lang='lat' dir='ltr'><strong>biCCXXVl,</strong></span> <span class='ocrx_word' id='word_1_411' title='bbox 1512 2633 1723 2710; x_wconf 80' lang='lat' dir='ltr'><strong>pontificatus</strong></span> <span class='ocrx_word' id='word_1_412' title='bbox 1744 2649 1824 2694; x_wconf 86' lang='lat' dir='ltr'><strong>vero</strong></span> <span class='ocrx_word' id='word_1_413' title='bbox 1846 2633 1971 2694; x_wconf 88' lang='lat' dir='ltr'><strong>domini</strong></span> 
     </span>
     <span class='ocr_line' id='line_1_80' title="bbox 1177 2731 1786 2808; baseline 0 -16"><span class='ocrx_word' id='word_1_414' title='bbox 1177 2731 1316 2792; x_wconf 89' lang='lat' dir='ltr'><strong>Houorii</strong></span> <span class='ocrx_word' id='word_1_415' title='bbox 1329 2747 1422 2808; x_wconf 77' lang='lat' dir='ltr'><strong>papa</strong></span> <span class='ocrx_word' id='word_1_416' title='bbox 1436 2733 1480 2792; x_wconf 92' lang='lat' dir='ltr'><strong>Ill</strong></span> <span class='ocrx_word' id='word_1_417' title='bbox 1495 2747 1584 2792; x_wconf 89' lang='lat' dir='ltr'><strong>anno</strong></span> <span class='ocrx_word' id='word_1_418' title='bbox 1601 2731 1786 2804; x_wconf 85' lang='lat' dir='ltr'><strong>undecimo,</strong></span> 
     </span>
    </p>
   </div>
   <div class='ocr_carea' id='block_1_7' title="bbox 1548 2991 1605 3078">
    <p class='ocr_par' dir='ltr' id='par_1_9' title="bbox 1548 2991 1605 3078">
     <span class='ocr_line' id='line_1_81' title="bbox 1548 2991 1605 3078; baseline 0 0"><span class='ocrx_word' id='word_1_419' title='bbox 1548 2991 1605 3078; x_wconf 89' lang='lat' dir='ltr'><strong>IX</strong></span> 
     </span>
    </p>
   </div>
   <div class='ocr_carea' id='block_1_8' title="bbox 1218 3143 1935 3302">
    <p class='ocr_par' dir='ltr' id='par_1_10' title="bbox 1218 3143 1935 3302">
     <span class='ocr_line' id='line_1_82' title="bbox 1218 3143 1935 3221; baseline -0.001 -16"><span class='ocrx_word' id='word_1_420' title='bbox 1218 3143 1269 3205; x_wconf 82' lang='lat' dir='ltr'><strong>Ad</strong></span> <span class='ocrx_word' id='word_1_421' title='bbox 1288 3143 1474 3205; x_wconf 71' lang='lat' dir='ltr'><strong>liebertum</strong></span> <span class='ocrx_word' id='word_1_422' title='bbox 1488 3145 1784 3219; x_wconf 80' lang='lat' dir='ltr'><strong>crebiepiseopum</strong></span> <span class='ocrx_word' id='word_1_423' title='bbox 1798 3143 1935 3221; x_wconf 76' lang='lat' dir='ltr'><strong>stripe-</strong></span> 
     </span>
     <span class='ocr_line' id='line_1_83' title="bbox 1492 3244 1658 3302; baseline 0 -1"><span class='ocrx_word' id='word_1_424' title='bbox 1492 3244 1658 3302; x_wconf 75' lang='grc'><strong>01000011.</strong></span> 
     </span>
    </p>
   </div>
   <div class='ocr_carea' id='block_1_9' title="bbox 1320 3368 1827 3559">
    <p class='ocr_par' dir='ltr' id='par_1_11' title="bbox 1320 3368 1827 3559">
     <span class='ocr_line' id='line_1_84' title="bbox 1437 3368 1712 3429; baseline 0 -2"><span class='ocrx_word' id='word_1_425' title='bbox 1437 3372 1470 3428; x_wconf 86' lang='grc'><strong>17</strong></span> <span class='ocrx_word' id='word_1_426' title='bbox 1485 3368 1617 3429; x_wconf 85' lang='lat' dir='ltr'><strong>novemb.</strong></span> <span class='ocrx_word' id='word_1_427' title='bbox 1634 3370 1712 3428; x_wconf 75' lang='grc'><strong>1116.</strong></span> 
     </span>
     <span class='ocr_line' id='line_1_85' title="bbox 1320 3492 1827 3559; baseline -0.008 -12"><span class='ocrx_word' id='word_1_428' title='bbox 1320 3492 1412 3559; x_wconf 66' lang='grc'><strong>1110101,</strong></span> <span class='ocrx_word' id='word_1_429' title='bbox 1425 3494 1486 3545; x_wconf 82' lang='lat' dir='ltr'><strong>cod.</strong></span> <span class='ocrx_word' id='word_1_430' title='bbox 1499 3492 1563 3559; x_wconf 92' lang='lat' dir='ltr'><strong>dipl.</strong></span> <span class='ocrx_word' id='word_1_431' title='bbox 1576 3493 1669 3557; x_wconf 81' lang='lat' dir='ltr'><strong>ilung,</strong></span> <span class='ocrx_word' id='word_1_432' title='bbox 1679 3493 1724 3553; x_wconf 91' lang='grc'><strong>111,</strong></span> <span class='ocrx_word' id='word_1_433' title='bbox 1733 3508 1763 3557; x_wconf 88' lang='lat' dir='ltr'><strong>u,</strong></span> <span class='ocrx_word' id='word_1_434' title='bbox 1775 3493 1827 3559; x_wconf 83' lang='grc'><strong>98,]</strong></span> 
     </span>
    </p>
   </div>
   <div class='ocr_carea' id='block_1_10' title="bbox 1180 3618 1975 3869">
    <p class='ocr_par' dir='ltr' id='par_1_12' title="bbox 1180 3618 1975 3869">
     <span class='ocr_line' id='line_1_86' title="bbox 1180 3618 1971 3692; baseline -0.003 -15"><span class='ocrx_word' id='word_1_435' title='bbox 1180 3618 1287 3691; x_wconf 80' lang='grc'><strong>1101100</strong></span> <span class='ocrx_word' id='word_1_436' title='bbox 1301 3620 1416 3692; x_wconf 89' lang='lat' dir='ltr'><strong>capituli</strong></span> <span class='ocrx_word' id='word_1_437' title='bbox 1428 3618 1615 3678; x_wconf 77' lang='lat' dir='ltr'><strong>cenadiensis</strong></span> <span class='ocrx_word' id='word_1_438' title='bbox 1629 3634 1646 3676; x_wconf 88' lang='grc'><strong>0</strong></span> <span class='ocrx_word' id='word_1_439' title='bbox 1661 3619 1779 3691; x_wconf 88' lang='lat' dir='ltr'><strong>capellis</strong></span> <span class='ocrx_word' id='word_1_440' title='bbox 1799 3618 1971 3677; x_wconf 85' lang='lat' dir='ltr'><strong>dioecesanis</strong></span> 
     </span>
     <span class='ocr_line' id='line_1_87' title="bbox 1215 3708 1975 3781; baseline -0.001 -16"><span class='ocrx_word' id='word_1_441' title='bbox 1215 3722 1265 3780; x_wconf 89' lang='lat' dir='ltr'><strong>per</strong></span> <span class='ocrx_word' id='word_1_442' title='bbox 1303 3708 1549 3781; x_wconf 88' lang='lat' dir='ltr'><strong>archiepiscopum</strong></span> <span class='ocrx_word' id='word_1_443' title='bbox 1585 3708 1812 3781; x_wconf 85' lang='lat' dir='ltr'><strong>strigoniensem</strong></span> <span class='ocrx_word' id='word_1_444' title='bbox 1847 3708 1975 3766; x_wconf 89' lang='lat' dir='ltr'><strong>succurri</strong></span> 
     </span>
     <span class='ocr_line' id='line_1_88' title="bbox 1213 3796 1304 3869; baseline -0.022 -15"><span class='ocrx_word' id='word_1_445' title='bbox 1213 3796 1304 3869; x_wconf 84' lang='lat' dir='ltr'><strong>jubet.</strong></span> 
     </span>
    </p>
   </div>
   <div class='ocr_carea' id='block_1_11' title="bbox 1181 3922 1977 4389">
    <p class='ocr_par' dir='ltr' id='par_1_13' title="bbox 1181 3922 1976 4096">
     <span class='ocr_line' id='line_1_89' title="bbox 1220 3922 1976 3992; baseline 0.001 -10"><span class='ocrx_word' id='word_1_446' title='bbox 1220 3923 1399 3987; x_wconf 88' lang='lat' dir='ltr'><strong>Honorius.</strong></span> <span class='ocrx_word' id='word_1_447' title='bbox 1423 3924 1499 3992; x_wconf 71' lang='lat' dir='ltr'><strong>etc„</strong></span> <span class='ocrx_word' id='word_1_448' title='bbox 1515 3922 1700 3985; x_wconf 88' lang='lat' dir='ltr'><strong>venerabili</strong></span> <span class='ocrx_word' id='word_1_449' title='bbox 1722 3922 1819 3984; x_wconf 83' lang='lat' dir='ltr'><strong>fratri</strong></span> <span class='ocrx_word' id='word_1_450' title='bbox 1843 3922 1976 3984; x_wconf 88' lang='lat' dir='ltr'><strong>archie-</strong></span> 
     </span>
     <span class='ocr_line' id='line_1_90' title="bbox 1181 4018 1640 4096; baseline 0.007 -18"><span class='ocrx_word' id='word_1_451' title='bbox 1181 4018 1315 4096; x_wconf 88' lang='lat' dir='ltr'><strong>piscopo</strong></span> <span class='ocrx_word' id='word_1_452' title='bbox 1331 4020 1563 4095; x_wconf 79' lang='lat' dir='ltr'><strong>strigoniensi,</strong></span> <span class='ocrx_word' id='word_1_453' title='bbox 1578 4022 1640 4083; x_wconf 91' lang='lat' dir='ltr'><strong>eto.</strong></span> 
     </span>
    </p>

    <p class='ocr_par' dir='ltr' id='par_1_14' title="bbox 1181 4117 1977 4389">
     <span class='ocr_line' id='line_1_91' title="bbox 1220 4117 1977 4195; baseline 0.001 -18"><span class='ocrx_word' id='word_1_454' title='bbox 1220 4117 1431 4178; x_wconf 86' lang='lat' dir='ltr'><strong>Venerabilis</strong></span> <span class='ocrx_word' id='word_1_455' title='bbox 1460 4118 1561 4181; x_wconf 83' lang='lat' dir='ltr'><strong>irater</strong></span> <span class='ocrx_word' id='word_1_456' title='bbox 1576 4120 1724 4179; x_wconf 88' lang='lat' dir='ltr'><strong>noster...</strong></span> <span class='ocrx_word' id='word_1_457' title='bbox 1739 4118 1927 4195; x_wconf 86' lang='lat' dir='ltr'><strong>episcopus,</strong></span> <span class='ocrx_word' id='word_1_458' title='bbox 1943 4118 1977 4178; x_wconf 85' lang='lat' dir='ltr'><strong>et</strong></span> 
     </span>
     <span class='ocr_line' id='line_1_92' title="bbox 1181 4214 1973 4291; baseline 0.003 -17"><span class='ocrx_word' id='word_1_459' title='bbox 1181 4214 1292 4277; x_wconf 89' lang='lat' dir='ltr'><strong>dilecti</strong></span> <span class='ocrx_word' id='word_1_460' title='bbox 1306 4216 1365 4276; x_wconf 89' lang='lat' dir='ltr'><strong>dlii</strong></span> <span class='ocrx_word' id='word_1_461' title='bbox 1380 4216 1562 4291; x_wconf 89' lang='lat' dir='ltr'><strong>capitulum</strong></span> <span class='ocrx_word' id='word_1_462' title='bbox 1576 4216 1791 4277; x_wconf 80' lang='lat' dir='ltr'><strong>cenadiensis</strong></span> <span class='ocrx_word' id='word_1_463' title='bbox 1810 4216 1973 4286; x_wconf 89' lang='lat' dir='ltr'><strong>ecclesiae,</strong></span> 
     </span>
     <span class='ocr_line' id='line_1_93' title="bbox 1182 4312 1976 4389; baseline 0.001 -18"><span class='ocrx_word' id='word_1_464' title='bbox 1182 4312 1251 4371; x_wconf 91' lang='lat' dir='ltr'><strong>suis</strong></span> <span class='ocrx_word' id='word_1_465' title='bbox 1267 4312 1362 4373; x_wconf 88' lang='lat' dir='ltr'><strong>nobis</strong></span> <span class='ocrx_word' id='word_1_466' title='bbox 1388 4313 1507 4374; x_wconf 89' lang='lat' dir='ltr'><strong>litteris</strong></span> <span class='ocrx_word' id='word_1_467' title='bbox 1523 4314 1730 4385; x_wconf 90' lang='lat' dir='ltr'><strong>intimarunt,</strong></span> <span class='ocrx_word' id='word_1_468' title='bbox 1746 4312 1853 4389; x_wconf 88' lang='lat' dir='ltr'><strong>ipsius</strong></span> <span class='ocrx_word' id='word_1_469' title='bbox 1883 4312 1976 4388; x_wconf 88' lang='lat' dir='ltr'><strong>eapi-</strong></span> 
     </span>
    </p>
   </div>
   <div class='ocr_carea' id='block_1_12' title="bbox 1181 4396 2078 4485">
    <p class='ocr_par' dir='ltr' id='par_1_15' title="bbox 1181 4396 2078 4485">
     <span class='ocr_line' id='line_1_94' title="bbox 1181 4396 2078 4485; baseline -0.011 -15"><span class='ocrx_word' id='word_1_470' title='bbox 1181 4407 1243 4470; x_wconf 91' lang='lat' dir='ltr'><strong>tuli</strong></span> <span class='ocrx_word' id='word_1_471' title='bbox 1256 4408 1403 4469; x_wconf 88' lang='lat' dir='ltr'><strong>redditus</strong></span> <span class='ocrx_word' id='word_1_472' title='bbox 1417 4420 1490 4469; x_wconf 90' lang='lat' dir='ltr'><strong>esse</strong></span> <span class='ocrx_word' id='word_1_473' title='bbox 1504 4410 1637 4485; x_wconf 90' lang='lat' dir='ltr'><strong>propter</strong></span> <span class='ocrx_word' id='word_1_474' title='bbox 1652 4424 1803 4484; x_wconf 88' lang='lat' dir='ltr'><strong>guerras,</strong></span> <span class='ocrx_word' id='word_1_475' title='bbox 1818 4410 1851 4469; x_wconf 92' lang='lat' dir='ltr'><strong>et</strong></span> <span class='ocrx_word' id='word_1_476' title='bbox 1863 4406 1976 4469; x_wconf 90' lang='lat' dir='ltr'><strong>multi·</strong></span> <span class='ocrx_word' id='word_1_477' title='bbox 2076 4396 2078 4437; x_wconf 64' lang='lat'><em>⁴</em></span> 
     </span>
    </p>
   </div>
   <div class='ocr_carea' id='block_1_13' title="bbox 1181 4504 1979 5551">
    <p class='ocr_par' dir='ltr' id='par_1_16' title="bbox 1181 4504 1979 5551">
     <span class='ocr_line' id='line_1_95' title="bbox 1181 4504 1974 4583; baseline 0 -19"><span class='ocrx_word' id='word_1_478' title='bbox 1181 4504 1301 4581; x_wconf 90' lang='lat' dir='ltr'><strong>plicem</strong></span> <span class='ocrx_word' id='word_1_479' title='bbox 1316 4504 1477 4566; x_wconf 89' lang='lat' dir='ltr'><strong>malitiam</strong></span> <span class='ocrx_word' id='word_1_480' title='bbox 1494 4506 1652 4583; x_wconf 89' lang='lat' dir='ltr'><strong>temporis</strong></span> <span class='ocrx_word' id='word_1_481' title='bbox 1663 4506 1746 4567; x_wconf 91' lang='lat' dir='ltr'><strong>adeo</strong></span> <span class='ocrx_word' id='word_1_482' title='bbox 1771 4506 1974 4575; x_wconf 75' lang='lat' dir='ltr'><strong>imminutos</strong></span> 
     </span>
     <span class='ocr_line' id='line_1_96' title="bbox 1182 4601 1978 4679; baseline 0.001 -18"><span class='ocrx_word' id='word_1_483' title='bbox 1182 4603 1218 4662; x_wconf 89' lang='lat' dir='ltr'><strong>ut</strong></span> <span class='ocrx_word' id='word_1_484' title='bbox 1229 4602 1381 4662; x_wconf 89' lang='lat' dir='ltr'><strong>nonnulli</strong></span> <span class='ocrx_word' id='word_1_485' title='bbox 1394 4602 1548 4663; x_wconf 86' lang='lat' dir='ltr'><strong>canonici</strong></span> <span class='ocrx_word' id='word_1_486' title='bbox 1562 4602 1709 4679; x_wconf 87' lang='lat' dir='ltr'><strong>ejusdem</strong></span> <span class='ocrx_word' id='word_1_487' title='bbox 1723 4601 1874 4663; x_wconf 77' lang='lat' dir='ltr'><strong>ecclesiae</strong></span> <span class='ocrx_word' id='word_1_488' title='bbox 1891 4618 1978 4678; x_wconf 88' lang='lat' dir='ltr'><strong>prae-</strong></span> 
     </span>
     <span class='ocr_line' id='line_1_97' title="bbox 1182 4698 1976 4777; baseline -0.001 -18"><span class='ocrx_word' id='word_1_489' title='bbox 1182 4698 1306 4759; x_wconf 91' lang='lat' dir='ltr'><strong>bendas</strong></span> <span class='ocrx_word' id='word_1_490' title='bbox 1328 4714 1406 4759; x_wconf 88' lang='lat' dir='ltr'><strong>suas</strong></span> <span class='ocrx_word' id='word_1_491' title='bbox 1420 4699 1616 4771; x_wconf 90' lang='lat' dir='ltr'><strong>dimiserint,</strong></span> <span class='ocrx_word' id='word_1_492' title='bbox 1633 4716 1672 4761; x_wconf 94' lang='grc'><strong>00</strong></span> <span class='ocrx_word' id='word_1_493' title='bbox 1688 4700 1774 4777; x_wconf 92' lang='lat' dir='ltr'><strong>quod</strong></span> <span class='ocrx_word' id='word_1_494' title='bbox 1790 4716 1832 4760; x_wconf 83' lang='lat' dir='ltr'><strong>ex</strong></span> <span class='ocrx_word' id='word_1_495' title='bbox 1850 4698 1892 4759; x_wconf 90' lang='lat' dir='ltr'><strong>iis</strong></span> <span class='ocrx_word' id='word_1_496' title='bbox 1910 4714 1976 4759; x_wconf 92' lang='lat' dir='ltr'><strong>non</strong></span> 
     </span>
     <span class='ocr_line' id='line_1_98' title="bbox 1183 4796 1977 4873; baseline -0.004 -16"><span class='ocrx_word' id='word_1_497' title='bbox 1183 4796 1337 4871; x_wconf 86' lang='lat' dir='ltr'><strong>poterant</strong></span> <span class='ocrx_word' id='word_1_498' title='bbox 1357 4796 1547 4858; x_wconf 88' lang='lat' dir='ltr'><strong>sustentari.</strong></span> <span class='ocrx_word' id='word_1_499' title='bbox 1566 4800 1675 4869; x_wconf 87' lang='lat' dir='ltr'><strong>Quare</strong></span> <span class='ocrx_word' id='word_1_500' title='bbox 1696 4798 1783 4857; x_wconf 91' lang='lat' dir='ltr'><strong>idem</strong></span> <span class='ocrx_word' id='word_1_501' title='bbox 1801 4796 1977 4873; x_wconf 91' lang='lat' dir='ltr'><strong>episcopus</strong></span> 
     </span>
     <span class='ocr_line' id='line_1_99' title="bbox 1184 4892 1975 4971; baseline 0 -18"><span class='ocrx_word' id='word_1_502' title='bbox 1184 4894 1217 4954; x_wconf 91' lang='lat' dir='ltr'><strong>et</strong></span> <span class='ocrx_word' id='word_1_503' title='bbox 1226 4892 1407 4968; x_wconf 86' lang='lat' dir='ltr'><strong>capitulum</strong></span> <span class='ocrx_word' id='word_1_504' title='bbox 1423 4894 1519 4954; x_wconf 91' lang='lat' dir='ltr'><strong>nobis</strong></span> <span class='ocrx_word' id='word_1_505' title='bbox 1535 4894 1707 4955; x_wconf 89' lang='lat' dir='ltr'><strong>humiliter</strong></span> <span class='ocrx_word' id='word_1_506' title='bbox 1734 4894 1975 4971; x_wconf 90' lang='lat' dir='ltr'><strong>supplicarunt,</strong></span> 
     </span>
     <span class='ocr_line' id='line_1_100' title="bbox 1184 4990 1977 5068; baseline 0.003 -20"><span class='ocrx_word' id='word_1_507' title='bbox 1184 4990 1220 5050; x_wconf 93' lang='lat' dir='ltr'><strong>ut</strong></span> <span class='ocrx_word' id='word_1_508' title='bbox 1235 5004 1308 5049; x_wconf 93' lang='lat' dir='ltr'><strong>cum</strong></span> <span class='ocrx_word' id='word_1_509' title='bbox 1320 4992 1489 5052; x_wconf 91' lang='lat' dir='ltr'><strong>crescente</strong></span> <span class='ocrx_word' id='word_1_510' title='bbox 1500 4992 1611 5068; x_wconf 91' lang='lat' dir='ltr'><strong>inopia</strong></span> <span class='ocrx_word' id='word_1_511' title='bbox 1627 4992 1798 5053; x_wconf 89' lang='lat' dir='ltr'><strong>decrescat</strong></span> <span class='ocrx_word' id='word_1_512' title='bbox 1812 4992 1848 5051; x_wconf 92' lang='lat' dir='ltr'><strong>in</strong></span> <span class='ocrx_word' id='word_1_513' title='bbox 1859 4992 1977 5053; x_wconf 90' lang='lat' dir='ltr'><strong>eadem</strong></span> 
     </span>
     <span class='ocr_line' id='line_1_101' title="bbox 1183 5086 1978 5166; baseline 0.001 -19"><span class='ocrx_word' id='word_1_514' title='bbox 1183 5086 1326 5147; x_wconf 85' lang='lat' dir='ltr'><strong>ecclesia</strong></span> <span class='ocrx_word' id='word_1_515' title='bbox 1364 5104 1521 5149; x_wconf 88' lang='lat' dir='ltr'><strong>numerus</strong></span> <span class='ocrx_word' id='word_1_516' title='bbox 1557 5090 1768 5159; x_wconf 88' lang='lat' dir='ltr'><strong>servitorum,</strong></span> <span class='ocrx_word' id='word_1_517' title='bbox 1803 5088 1861 5159; x_wconf 92' lang='lat' dir='ltr'><strong>ita,</strong></span> <span class='ocrx_word' id='word_1_518' title='bbox 1891 5086 1978 5166; x_wconf 93' lang='lat' dir='ltr'><strong>quod</strong></span> 
     </span>
     <span class='ocr_line' id='line_1_102' title="bbox 1184 5182 1977 5263; baseline 0 -18"><span class='ocrx_word' id='word_1_519' title='bbox 1184 5182 1299 5245; x_wconf 85' lang='lat' dir='ltr'><strong>eadem</strong></span> <span class='ocrx_word' id='word_1_520' title='bbox 1310 5187 1380 5261; x_wconf 87' lang='lat' dir='ltr'><strong>jam</strong></span> <span class='ocrx_word' id='word_1_521' title='bbox 1407 5185 1508 5262; x_wconf 90' lang='lat' dir='ltr'><strong>coepit</strong></span> <span class='ocrx_word' id='word_1_522' title='bbox 1533 5186 1701 5248; x_wconf 86' lang='lat' dir='ltr'><strong>consuetis</strong></span> <span class='ocrx_word' id='word_1_523' title='bbox 1723 5184 1893 5263; x_wconf 89' lang='lat' dir='ltr'><strong>obsequiis</strong></span> <span class='ocrx_word' id='word_1_524' title='bbox 1915 5184 1977 5246; x_wconf 90' lang='lat' dir='ltr'><strong>de-</strong></span> 
     </span>
     <span class='ocr_line' id='line_1_103' title="bbox 1183 5278 1979 5360; baseline 0 -20"><span class='ocrx_word' id='word_1_525' title='bbox 1183 5278 1344 5349; x_wconf 83' lang='lat' dir='ltr'><strong>fraudari,</strong></span> <span class='ocrx_word' id='word_1_526' title='bbox 1357 5296 1457 5357; x_wconf 92' lang='lat' dir='ltr'><strong>super</strong></span> <span class='ocrx_word' id='word_1_527' title='bbox 1471 5281 1533 5343; x_wconf 91' lang='lat' dir='ltr'><strong>boc</strong></span> <span class='ocrx_word' id='word_1_528' title='bbox 1547 5284 1685 5359; x_wconf 88' lang='lat' dir='ltr'><strong>paterna</strong></span> <span class='ocrx_word' id='word_1_529' title='bbox 1699 5282 1874 5360; x_wconf 90' lang='lat' dir='ltr'><strong>providere</strong></span> <span class='ocrx_word' id='word_1_530' title='bbox 1890 5282 1979 5342; x_wconf 92' lang='lat' dir='ltr'><strong>solli·</strong></span> 
     </span>
     <span class='ocr_line' id='line_1_104' title="bbox 1184 5376 1979 5455; baseline 0 -17"><span class='ocrx_word' id='word_1_531' title='bbox 1184 5376 1331 5438; x_wconf 90' lang='lat' dir='ltr'><strong>citudine</strong></span> <span class='ocrx_word' id='word_1_532' title='bbox 1352 5377 1577 5454; x_wconf 89' lang='lat' dir='ltr'><strong>dignaremur,</strong></span> <span class='ocrx_word' id='word_1_533' title='bbox 1597 5378 1819 5451; x_wconf 89' lang='lat' dir='ltr'><strong>concedendo,</strong></span> <span class='ocrx_word' id='word_1_534' title='bbox 1837 5380 1872 5440; x_wconf 90' lang='lat' dir='ltr'><strong>ut</strong></span> <span class='ocrx_word' id='word_1_535' title='bbox 1887 5380 1979 5455; x_wconf 89' lang='lat' dir='ltr'><strong>ipso-</strong></span> 
     </span>
     <span class='ocr_line' id='line_1_105' title="bbox 1184 5474 1979 5551; baseline 0 -18"><span class='ocrx_word' id='word_1_536' title='bbox 1184 5488 1258 5533; x_wconf 91' lang='lat' dir='ltr'><strong>rum</strong></span> <span class='ocrx_word' id='word_1_537' title='bbox 1276 5474 1512 5536; x_wconf 88' lang='lat' dir='ltr'><strong>canonicorum</strong></span> <span class='ocrx_word' id='word_1_538' title='bbox 1526 5474 1714 5551; x_wconf 86' lang='lat' dir='ltr'><strong>praebendae</strong></span> <span class='ocrx_word' id='word_1_539' title='bbox 1730 5476 1770 5536; x_wconf 90' lang='lat' dir='ltr'><strong>de</strong></span> <span class='ocrx_word' id='word_1_540' title='bbox 1793 5474 1979 5537; x_wconf 89' lang='lat' dir='ltr'><strong>redditibus</strong></span> 
     </span>
    </p>
   </div>
   <div class='ocr_carea' id='block_1_14' title="bbox 1222 5663 1417 5738">
    <p class='ocr_par' dir='ltr' id='par_1_17' title="bbox 1222 5663 1417 5738">
     <span class='ocr_line' id='line_1_106' title="bbox 1222 5663 1417 5738; baseline 0.01 -19"><span class='ocrx_word' id='word_1_541' title='bbox 1222 5663 1262 5738; x_wconf 75' lang='lat' dir='ltr'><strong>(i)</strong></span> <span class='ocrx_word' id='word_1_542' title='bbox 1279 5664 1417 5722; x_wconf 87' lang='lat' dir='ltr'><strong>Priorum.</strong></span> 
     </span>
    </p>
   </div>
   <div class='ocr_carea' id='block_1_15' title="bbox 0 0 2131 6400">
    <p class='ocr_par' dir='ltr' id='par_1_18' title="bbox 0 0 2131 6400">
     <span class='ocr_line' id='line_1_107' title="bbox 0 0 2131 6400; baseline 0 0"><span class='ocrx_word' id='word_1_543' title='bbox 0 0 2131 6400; x_wconf 95' lang='lat' dir='ltr'><strong> </strong></span> 
     </span>
    </p>
   </div>
  </div>
 </body>
</html>
