4217 6400
347 326 407 390 156

345 483 790 548 interdictostermlnosslne
800 484 967 548 communi
975 497 1140 546 consensu

344 600 413 646 non
428 584 520 646 liant.
536 584 571 645 Si
586 584 642 660 qui
656 599 737 646 vero
754 584 833 646 suut
846 583 995 654 Solones,
1011 566 1065 643 vel
1081 581 1140 644 alii

345 682 434 744 intra
446 681 629 742 marchiam
639 697 775 742 censum
787 680 947 757 magistro
962 680 1139 742 reddentes

344 779 387 841 ad
399 795 608 840 communem
623 779 802 840 utilitatem
816 778 1040 855 respondeant
1051 778 1139 840 civi-

344 878 417 949 tati,
430 877 550 948 insula,
564 893 638 953 quae
652 879 830 938 Osmesara
842 877 976 945 dicitur,
989 875 1139 936 ecclesiae

344 976 475 1037 Sanctae
490 975 607 1036 Mariae
622 976 754 1050 integre
778 976 961 1036 reservata.
980 974 1014 1034 Si
1028 975 1139 1036 autem

342 1073 431 1134 inira
446 1073 568 1133 dictam
583 1073 768 1134 marchiam
781 1073 883 1134 alicui
895 1071 1057 1133 dubitatio
1071 1071 1140 1132 sue·

344 1171 399 1243 rit,
416 1171 527 1232 utrum
542 1171 587 1232 sit
605 1169 698 1231 locus
711 1170 770 1232 ille
794 1171 902 1231 cultus
914 1170 965 1231 vel
980 1169 1136 1242 incultae,

342 1271 377 1330 et
385 1268 442 1328 ubi
450 1270 527 1330 sunt
536 1267 802 1340 arbores,utrum
813 1269 961 1343 sintagri
971 1267 1024 1328 vel
1036 1267 1139 1344 sylvae

340 1366 489 1436 incultae,
506 1381 545 1426 ao
557 1365 599 1426 de
625 1366 819 1442 gurgustiis,
837 1368 948 1427 utrum
972 1365 1138 1428 sintnova

342 1462 532 1534 velvetera,
556 1463 620 1524 hoc
643 1467 748 1524 totum
772 1464 1070 1542 triumjuratorum
1085 1463 1138 1524 ci-

341 1561 433 1624 vium
457 1559 597 1623 arbitrio
622 1561 831 1628 terminetur,
859 1561 915 1637 qui
933 1560 1139 1637 eligantura

343 1658 515 1736 praedictis
527 1660 697 1735 episcopo,
714 1658 894 1735 praeposito
909 1659 943 1720 et
966 1659 1137 1734 magistro.

281 1778 283 1781 ’
341 1756 474 1832 Adjecit
485 1756 586 1817 etiam
600 1756 730 1832 legatus
744 1757 935 1834 praedictus,
945 1757 983 1816 ut
996 1755 1138 1831 singulis

341 1853 463 1918 vestris
474 1853 667 1916 concivibus
680 1855 721 1915 de
732 1854 857 1915 inculta
873 1853 1023 1915 marchia
1038 1853 1139 1914 liceat

340 1950 452 2013 colere
463 1953 624 2028 quantum
641 1951 768 2024 volunt,
785 1952 831 2014 ita
845 1951 932 2028 quod
948 1954 1022 2013 octo
1037 1951 1138 2012 annis

341 2048 472 2125 integre
487 2065 527 2110 ac
541 2049 646 2110 libere
661 2049 848 2126 percipiant
862 2050 940 2111 inde
955 2048 1093 2119 fructus,
1106 2049 1140 2110 et

340 2147 549 2222 postmodum
573 2148 615 2209 ad
633 2162 842 2208 communem
868 2163 965 2208 usum
987 2147 1136 2220 redeant,

341 2244 371 2305 si
385 2247 525 2320 possunt
534 2261 608 2306 esse
618 2245 834 2321 bonapasoua
849 2246 920 2306 sive
930 2246 1036 2322 prata.
1045 2243 1137 2316 Quod

341 2341 459 2403 siesse
474 2342 696 2419 nequiverint,
712 2343 770 2404 sed
779 2342 852 2418 agri
865 2343 986 2420 potius,
998 2343 1139 2405 reddant

341 2455 480 2520 censum
503 2440 626 2500 exinde
641 2440 779 2501 civitati.
810 2441 846 2500 Si
860 2457 941 2502 vero
956 2440 1134 2512 dubitetur,

340 2537 453 2598 utrum
482 2553 608 2613 pascua
630 2553 704 2598 esse
733 2538 874 2614 possint,
897 2538 950 2600 vel
977 2539 1007 2598 si
1025 2538 1137 2614 plures

340 2633 455 2695 lorsau
471 2633 720 2706 contenderent,
735 2635 771 2696 in
792 2636 908 2696 eodem
927 2636 1038 2697 colere
1063 2636 1136 2698 loco

340 2731 503 2802 volentes,
521 2731 754 2808 praedictorum
779 2733 881 2795 trium
905 2734 1028 2795 civium
1045 2733 1138 2795 arbi·

342 2829 408 2891 trio
418 2829 626 2891 terminetur.
651 2833 699 2892 De
714 2847 814 2908 supra
841 2831 931 2893 diota
948 2847 1029 2894 vero
1046 2847 1138 2892 mar-

339 2927 556 3003 chiainteger
569 2944 707 2990 mansus
725 2929 883 3006 hospitali
899 2930 1012 2991 Sancti
1029 2930 1137 3006 Spiri-

339 3025 405 3098 tus,
418 3025 612 3102 etponterio
637 3026 677 3087 de
700 3027 890 3104 Rodenpois
906 3027 1063 3088 dimidius
1079 3043 1138 3088 eo·

340 3123 603 3184 rumdemtrium
613 3124 737 3186 civium
750 3125 890 3187 arbitrio
910 3125 1134 3201 assignentur,

341 3221 400 3296 qui
412 3220 577 3283 siluerint
593 3222 627 3280 in
652 3222 837 3298 praemissis
852 3224 1049 3299 quaudoque
1063 3222 1136 3283 dis-

341 3317 469 3388 cordes,
486 3316 628 3378 duorum
638 3317 814 3380 arbitrium
834 3319 1038 3381 observetur.
1056 3322 1136 3381 Cum

337 3414 450 3479 annm
463 3416 618 3477 concives
640 3416 743 3478 vestri
765 3416 806 3478 ob
828 3417 1004 3494 praedictas
1017 3432 1136 3479 causas

338 3512 575 3586 laboraverint,
603 3512 646 3575 ab
667 3514 732 3586 his,
766 3531 905 3591 quorum
932 3516 1134 3587 interfuerit,

340 3626 508 3688 expensas
519 3611 686 3687 recipiant
710 3612 910 3675 moderatas.
934 3613 1025 3684 Quod
1046 3614 1136 3674 enim

341 3708 383 3770 de
397 3708 535 3771 fornace
547 3709 589 3770 ad
603 3726 686 3786 opus
696 3710 838 3773 laterum
862 3711 914 3773 est
927 3711 1133 3789 praedictum,

338 3805 369 3867 si
383 3806 424 3866 de
439 3806 513 3867 loco
534 3806 635 3868 luerit
660 3808 827 3869 contentio
841 3808 929 3869 inter
943 3808 1066 3885 plures,
1084 3808 1136 3869 vel

340 3903 427 3979 quod
459 3918 527 3963 non
562 3903 717 3965 videatur
745 3903 887 3965 forsitan
914 3906 1134 3981 opportunus,

339 4014 429 4075 saepe
442 3999 607 4061 dictorum
618 4000 851 4061 triumcivium
867 4003 1034 4064 sententia
1047 4002 1138 4063 deci-

339 4095 448 4167 datur,
465 4097 563 4173 prout
580 4098 756 4173 praemissa
771 4099 883 4159 omnia
896 4098 932 4159 in
942 4099 1064 4161 litteris
1079 4116 1137 4161 su-

340 4194 591 4271 pradictilegati
603 4196 726 4257 exinde
735 4196 895 4259 conlectis
905 4198 1135 4275 perspeximus

337 4289 473 4368 plenius
496 4293 671 4354 contineri.

381 4388 510 4451 Vestris
531 4388 644 4465 itaque
659 4391 957 4466 supplicationibus
971 4392 1133 4465 inclinati,

848 400 852 412 ι
960 322 1140 384 HONORII
1162 322 1207 384 111
1228 321 1376 396 OPERA.

1527 489 1654 576 XXVI

1294 639 1347 701 Ad
1367 643 1564 716 episcopum
1586 643 1889 702 Ceraomanensem.

1455 782 1489 838 le
1503 780 1633 840 decemb.
1647 782 1725 840 1226.

1211 902 1330 968 [neget.
1346 903 1393 954 lib.
1405 903 1449 963 Xl,
1462 905 1537 968 epist.
1549 904 1604 955 llo.
1619 905 1675 955 Mss.
1693 906 1730 955 La
1740 905 1816 954 Porta
1831 905 1866 956 du
1880 906 1972 970 Theti]

1230 1027 1347 1088 Abbatis
1357 1037 1385 1088 et
1395 1037 1554 1087 conventus
1569 1031 1679 1088 Sanctae
1687 1031 1785 1089 Mariae
1797 1031 1943 1089 Blesensis

1407 1119 1524 1176 tutelam
1539 1121 1566 1176 ei
1580 1119 1774 1176 commendat.

1234 1235 1414 1308 Honorius,
1438 1239 1512 1308 etc,
1529 1235 1714 1298 venerabili
1741 1235 1875 1298 fratri...
1899 1239 1987 1315 epis-

1195 1348 1275 1410 copo
1289 1333 1540 1406 cenomanensi,
1558 1335 1699 1396 salutem
1717 1336 1750 1397 et
1762 1336 1986 1412 Apostolicam

1193 1430 1470 1492 benedictionem.

1233 1531 1395 1605 exparte
1417 1529 1614 1591 dilectorum
1641 1529 1823 1590 filiorum...
1846 1530 1985 1603 abbatis,

1194 1626 1226 1687 et
1241 1628 1422 1689 conventus
1438 1626 1590 1688 ecclesiae
1601 1626 1707 1689 beatae
1717 1628 1832 1689 Mariae
1848 1630 1986 1690 Blesen-

1194 1725 1240 1784 sis
1255 1725 1379 1785 nostris
1389 1724 1586 1786 estauribns
1598 1725 1798 1797 intimatum,
1814 1727 1987 1803 quodcum

1194 1821 1273 1882 olim
1299 1821 1432 1898 qnidam
1465 1821 1615 1898 ejusdem
1645 1822 1796 1884 ecclesiae
1821 1825 1985 1898 canonici,

1193 1919 1374 1995 instigante
1396 1920 1534 1980 numani
1558 1920 1692 1995 generis
1714 1919 1863 1990 inimico,
1891 1921 1987 1984 bonae

1193 2017 1400 2077 memoriae...
1418 2015 1570 2078 abbatem
1584 2017 1732 2094 ejusdem
1744 2017 1810 2078 loci
1834 2019 1986 2096 nequiter

1192 2115 1336 2176 interfici
1374 2116 1618 2191 procurassent,
1651 2118 1687 2177 tu
1715 2131 1755 2176 ac
1785 2117 1986 2178 venerabilis

1192 2210 1312 2273 fratres
1333 2213 1476 2273 nostri...
1493 2213 1709 2274 carnotensis
1725 2215 1795 2274 et...
1825 2215 1986 2275 Aurelia-

1193 2310 1307 2370 nensis
1327 2309 1473 2388 episcopi
1487 2309 1698 2372 demandato
1725 2311 1819 2371 Sedis
1843 2313 1986 2388 Aposto-

1192 2405 1266 2467 licae
1291 2423 1390 2484 super
1411 2407 1602 2484 hujusmodi
1627 2409 1815 2484 perpetrata
1839 2410 1986 2486 nequitia

1191 2504 1332 2566 veritate
1364 2505 1557 2580 diligentius
1586 2505 1757 2582 inquisita,
1791 2507 1823 2568 et
1856 2507 1985 2584 plenius

1192 2601 1372 2673 intellecta,
1388 2603 1547 2680 quosdam
1563 2618 1605 2663 ex
1620 2603 1703 2678 ipsis
1723 2619 1743 2664 a
1759 2603 1828 2664 suis
1852 2605 1984 2665 ordini-

1192 2700 1253 2760 bus
1269 2701 1477 2776 degradatos,
1501 2699 1577 2761 aliis
1593 2717 1652 2776 per
1674 2702 1869 2762 saecularem
1892 2703 1986 2778 jndi-

1192 2813 1263 2858 cem
1278 2797 1496 2874 interemptis,
1512 2796 1641 2875 abipso
1657 2800 1859 2860 monasterio
1872 2815 1988 2878 perpa-

1191 2897 1248 2958 tuo
1264 2895 1448 2958 amovistis,
1466 2899 1576 2968 Quare
1602 2896 1703 2958 iidem
1719 2897 1831 2970 abbas,
1848 2900 1881 2958 et
1905 2914 1987 2959 con-

1191 2995 1310 3055 ventus
1337 2993 1474 3054 anobis
1501 2993 1673 3055 humiliter
1700 2994 1922 3072 postulabant,
1952 2999 1988 3059 ut

1192 3107 1266 3152 cum
1293 3089 1544 3152 malefactorum
1565 3092 1714 3167 ipsorum
1742 3095 1986 3168 consanguinei
2085 3139 2086 3154 ,

1192 3189 1224 3249 et
1246 3189 1357 3261 amici,
1375 3188 1408 3251 et
1420 3188 1632 3267 quamplures
1654 3189 1713 3251 alil
1731 3191 1906 3253 occasione
1921 3191 1987 3252 hu·
2085 3177 2086 3186 ¹

1187 3285 1333 3364 jusmodi
1348 3286 1430 3347 adeo
1452 3287 1568 3348 contra
1583 3288 1674 3364 ipsos
1701 3290 1862 3350 eteorum
1878 3290 1988 3350 eccle-

1191 3383 1275 3444 siam
1285 3383 1484 3446 intlammati
1499 3386 1657 3461 nequitiae
1673 3386 1794 3462 spiritu
1809 3387 1876 3449 sint
1891 3402 1985 3449 corn-

1191 3483 1282 3555 moti,
1300 3482 1386 3560 quod
1410 3482 1493 3559 ipsis
1521 3482 1809 3561 interemptionem
1824 3501 1987 3561 persona-

1190 3596 1276 3649 rum,
1304 3580 1338 3641 et
1365 3580 1625 3641 destructionem
1650 3580 1813 3643 bonorum
1849 3598 1985 3643 suorum

1191 3676 1322 3753 publice
1350 3677 1604 3750 comminentur,
1637 3678 1812 3755 providere
1849 3678 1925 3751 sibi,
1955 3680 1987 3741 et

1191 3789 1306 3836 eorum
1337 3773 1487 3835 ecclesiae
1516 3792 1616 3852 super
1643 3776 1696 3837 his
1725 3777 1988 3838 misericorditer

1192 3870 1418 3946 dignaremur.
1434 3872 1513 3933 Cum
1534 3872 1698 3948 igiturex
1717 3874 1868 3951 injuncto
1890 3874 1986 3935 nobis

1191 3967 1404 4045 Apostolatus
1433 3968 1543 4031 officio
1571 3976 1746 4032 teneamur
1763 3971 1935 4043 ecclesias,
1956 3974 1987 4033 et

1192 4080 1351 4143 personas
1378 4065 1639 4140 ecclesiasticas,
1671 4068 1822 4130 achone
1851 4084 1984 4139 earum,

1192 4164 1351 4240 quantum
1363 4179 1435 4224 cum
1449 4166 1516 4226 Deo
1529 4167 1562 4227 et
1576 4166 1751 4227 honestate
1765 4182 1986 4243 pessumum

1190 4276 1368 4338 pravorum
1383 4261 1573 4323 incursibus
1588 4262 1773 4337 defensare,
1796 4262 1986 4325 fraternita-

1190 4360 1256 4419 tem
1272 4359 1362 4419 tuam
1373 4358 1572 4420 monendam
1593 4360 1748 4421 duximus
1764 4360 1935 4429 attentius,
1953 4364 1986 4421 et

341 4486 429 4561 quod
446 4500 506 4562 per
518 4485 670 4547 eumdem
684 4485 830 4563 legatum
845 4506 945 4566 supe„
956 4490 1009 4550 his
1020 4490 1084 4552 rite
1097 4505 1135 4551 ac
1190 4456 1387 4518 hortandam
1403 4472 1464 4532 per
1476 4458 1667 4533 Apostolica
1683 4458 1743 4520 tibi
1758 4460 1882 4536 scripta
1894 4476 1986 4519 man·

340 4582 479 4657 provide
507 4584 617 4645 actum
640 4584 701 4655 est,
723 4586 921 4647 auctoritate
946 4586 1135 4663 apostolica
1191 4552 1318 4626 ‘lantes’
1348 4553 1511 4631 quatem
1536 4554 1699 4628 abbatema
1727 4558 1759 4618 θῗ
1785 4560 1986 4618 ⁰0¹¹Ve1¹t11m

340 4678 575 4741 confirmamus
587 4683 620 4741 et
628 4682 803 4757 praesentis
817 4682 933 4759 scripti
948 4684 1134 4758 patrocinio
1189 4650 1357 4728 Praesatffi’
1385 4666 1424 4761 ³¹⁰
1439 4651 1615 4762 ⁰⁰⁰¹⁶⁸if¹m
1640 4653 1831 4763 eflfflffldem
1856 4654 1986 4715 habens

338 4776 591 4837 communimus,
606 4778 698 4839 Nulli
710 4794 801 4854 ergo,
819 4782 881 4843 epo·
898 4782 1016 4841 Datum
1028 4782 1134 4843 Late,
1190 4748 1231 4809 ob
1246 4748 1468 4809 reverentiam
1481 4748 1570 4812 beati
1584 4750 1674 4812 Petri
1689 4753 1723 4813 et
1736 4754 1885 4813 nostram
1902 4768 1986 4829 pro-

339 4873 427 4947 rant,
445 4875 491 4935 111
504 4874 580 4935 idus
604 4874 801 4946 decembris,
817 4877 1030 4955 pontificatus
1049 4894 1134 4941 uos·
1188 4845 1590 4955 9⁰⁰⁵iu⁸⁰⁰m¹f¹³¹¹d³t⁰b
1605 4847 1842 4925 ips⁰ffietb⁰¹1³
1855 4864 1984 4921 e⁰l¹¹ssb

340 4969 386 5029 tri
398 4985 486 5033 anno
501 4972 688 5035 undecimo·
1189 4942 1293 5003 donec
1306 4942 1447 5004 ecclesia
1465 4945 1646 5006 memorata
1663 4946 1706 5007 sit
1732 4946 1766 5005 in
1793 4946 1914 5006 mellus
1930 4962 1988 5007 re-

1188 5039 1341 5111 formata,
1358 5040 1554 5103 auctoritate
1575 5042 1690 5104 nostra
1705 5045 1938 5115 manuteneas,
1953 5044 1987 5104 et

1189 5136 1358 5210 delendas,
1376 5152 1442 5198 non
1462 5138 1656 5215 permittens
1684 5155 1741 5200 eos
1770 5155 1790 5202 a
1817 5156 1987 5218 quoquam

1188 5234 1334 5296 indebite
1350 5234 1530 5308 molestari,
1545 5237 1776 5299 molestatores
1792 5254 1908 5299 eorum
1929 5240 1988 5299 in-

1189 5329 1316 5392 debitos
1330 5346 1389 5407 per
1399 5346 1573 5394 censuram
1590 5332 1862 5408 ecclesiasticam,
1873 5336 1990 5413 appel-

1188 5428 1312 5490 latione
1326 5431 1464 5501 remota,
1477 5425 1727 5507 compescendo.
1738 5433 1858 5494 Datum
1878 5436 1989 5496 Late-

1188 5525 1988 5605 rani,XIVlialendasjanuarii,announdeoimo.
