4217 6400
327 278 384 339 151

326 437 428 500 venia
440 437 538 502 nobis
554 438 728 500 humiliter
736 438 978 514 supplicarunt,
991 439 1038 510 ut,
1050 453 1126 500 eum

327 536 557 612 possessiones
572 537 717 598 habeant
729 537 765 596 in
784 537 978 612 Semigallia
992 537 1025 598 et
1041 550 1130 608 con<

327 633 436 708 tingat
470 635 660 707 interdum,
695 635 781 711 quod
816 635 852 695 in
888 633 1125 710 quaestionibus

329 731 574 805 emergentibus
593 733 708 805 ineos,
724 749 784 793 seu
798 733 833 792 in
851 747 966 794 eorum
982 731 1123 807 aliquos,

329 842 349 887 a
368 829 553 890 venerabili
576 829 679 892 fratre
704 832 818 892 nostro
838 831 993 907 episcopo
1018 827 1127 890 Semi·

328 926 439 1001 galliae
471 928 825 989 excommunicationis
853 928 1018 988 sententia
1046 943 1128 1002 pro-

328 1022 467 1091 feratur,
484 1023 518 1084 et
537 1027 672 1100 propter
696 1025 844 1085 locorum
866 1023 1059 1084 distantiam
1074 1022 1123 1082 eis

328 1119 464 1180 difficile
481 1121 525 1180 sit
538 1121 762 1197 apostolicam
782 1121 899 1182 Sedem
914 1121 1019 1190 adire,
1037 1133 1124 1195 quo·

329 1216 418 1277 tiens
441 1217 475 1276 id
498 1219 668 1294 contingit,
695 1234 795 1294 super
817 1218 889 1278 haec
912 1218 962 1278 eis
984 1217 1125 1294 paterna

328 1315 503 1391 providere
538 1316 763 1377 sollicitudine
797 1316 1024 1390 dignaremur.
1063 1316 1127 1376 Vo-

329 1410 436 1471 leutes
450 1411 554 1487 igitur
567 1413 700 1474 eosdem
726 1413 922 1489 magistrum
945 1414 978 1473 et
1002 1411 1125 1473 iratres

329 1505 391 1568 sub
418 1508 592 1584 religionis
614 1510 751 1572 obtentu
773 1511 809 1571 in
832 1511 896 1573 hoo
919 1509 952 1572 et
975 1510 1011 1570 in
1034 1509 1123 1580 aliis,

330 1606 489 1682 quantum
503 1607 684 1668 secuudum
699 1611 803 1669 Deum
820 1623 1007 1684 possumus,
1024 1623 1126 1668 exau-

329 1701 413 1774 dire,
430 1703 629 1766 fraternitati
642 1706 709 1768 tuae
722 1722 782 1782 per
791 1705 980 1782 Apostolica
1001 1705 1124 1780 scripta

329 1801 536 1874 mandamus,
553 1806 716 1880 quatenus
734 1804 914 1880 requisitus
931 1803 972 1862 ab
990 1802 1039 1863 eis
1060 1817 1124 1862 ex-

330 1900 640 1961 communicationis
661 1916 720 1961 seu
739 1901 909 1962 interdicti
927 1900 1122 1972 sententias,

329 2012 413 2074 quas
445 1997 481 2058 in
513 2013 570 2060 eos
597 1999 652 2061 vel
682 2015 798 2060 eorum
826 1999 901 2060 loca
928 1999 1125 2075 praedictum

331 2094 522 2172 episcopum
544 2097 720 2172 contigerit
739 2097 967 2173 promulgare,
991 2096 1124 2157 relaxes

325 2193 425 2269 juxta
434 2193 739 2255 formamEcclesiae
748 2193 1025 2264 consuetam,nisi
1036 2193 1124 2254 idem

328 2291 504 2367 episcopus
527 2307 548 2351 a
569 2292 603 2351 te
626 2292 845 2352 commonitus
876 2307 933 2352 eos
969 2289 1124 2352 relaxare

329 2388 499 2448 curaverit
513 2387 600 2449 infra
613 2389 804 2459 terminum,
816 2405 913 2464 quem
929 2387 960 2449 ei
978 2390 1035 2449 tua
1046 2403 1126 2464 pro-

328 2484 477 2547 videntia
505 2484 638 2547 duxerit
665 2486 917 2562 praellgendum,
948 2485 1124 2547 auditurus

330 2583 550 2660 postmodum,
567 2584 597 2644 si
608 2584 686 2660 quid
702 2584 901 2645 remanserit
915 2583 1122 2661 quaestionis

328 2681 364 2740 et
377 2680 443 2740 fine
458 2679 567 2742 debito
587 2681 770 2742 decisurus.
794 2682 829 2742 Si
848 2683 959 2742 autem
974 2683 1007 2742 te
1021 2697 1123 2742 causa

330 2777 534 2854 praedicandi
561 2777 603 2839 ad
634 2779 707 2839 loca
738 2779 917 2841 remotiora
941 2780 992 2840 ire
1013 2780 1123 2841 conti·

328 2875 426 2950 gerit,
436 2874 619 2937 alicuiviro
630 2876 782 2952 prudenti
792 2878 978 2938 committas
988 2877 1123 2937 interim

328 2974 421 3034 vices
429 2975 515 3034 tuas.
530 2972 648 3034 Datum
661 2975 829 3046 Laterani,
844 2976 889 3036 tv
900 2974 975 3034 idus
990 2973 1125 3034 decern·

328 3069 409 3142 bris,
427 3070 638 3148 pontificatus
653 3072 758 3134 nostri
774 3087 862 3133 anno
876 3071 1061 3132 undecimo.

663 3340 791 3426 XXIV

342 3492 394 3551 Ad
406 3490 616 3567 magistrum
631 3490 663 3550 ct
675 3491 807 3564 fratres
819 3490 953 3551 aetlitice
967 3490 1107 3551 Christi.

590 3620 625 3677 m
638 3619 768 3677 decemb.
785 3619 865 3677 1225.

328 3743 423 3808 [llitth.
433 3758 457 3793 a.
473 3744 498 3795 d.
513 3743 630 3795 Geschiv.
641 3744 697 3797 biv.
709 3745 780 3797 Ehst.
793 3758 819 3793 n.
838 3742 976 3803 Kurlands,
989 3742 1054 3802 Vlll,
1067 3743 1121 3803 lat,

688 3838 715 3874 n.
725 3826 763 3885 6.]

327 3930 571 4003 compositionem
596 3932 670 3987 inter
687 3931 858 4002 magistrum
872 3927 1030 4001 fratresque
1045 3930 1120 3986 mili·

363 4019 411 4075 tiae
428 4018 573 4077 christiin
590 4019 708 4075 livonia
724 4025 850 4090 exparte
864 4032 920 4074 una
936 4025 964 4075 et
979 4020 1120 4075 Herman-

362 4122 431 4165 num
444 4108 610 4179 episcopum
625 4107 793 4163 Lcaleusem
803 4121 839 4162 cx
850 4106 938 4163 altera
957 4120 1044 4178 super
1059 4106 1120 4178 qui·

361 4194 482 4252 busdam
498 4197 580 4253 terris
590 4196 751 4253 conllrmat.

367 4329 546 4402 Honorius,
563 4330 638 4403 etc,
648 4332 808 4407 magistro
816 4331 850 4393 et
863 4330 1022 4392 iratribus
1038 4331 1123 4392 mili-

328 4427 410 4491 litiae
429 4427 563 4498 Christi,
581 4430 643 4488 etc.

367 4528 414 4586 Ea
428 4541 502 4601 quae
513 4524 640 4601 judicio
655 4523 708 4584 vel
723 4524 900 4584 concordia
916 4525 1120 4596 statuuntur,

329 4621 423 4683 firma
437 4620 556 4682 debent
579 4623 612 4682 et
634 4621 762 4683 illibata
777 4620 962 4681 consistere
973 4624 1016 4693 et,
1033 4638 1076 4683 ne
1087 4622 1122 4682 in

328 4719 484 4785 recidivae
500 4719 722 4779 contentionis
746 4718 938 4794 scrupulum
966 4719 1124 4781 relaban-

329 4817 395 4890 tur,
411 4816 602 4892 Apostolico
623 4814 778 4876 convenit
791 4816 948 4891 praesidio
970 4832 1122 4877 commu-

329 4915 409 4974 niri.
445 4915 646 4989 Eaprcpter,
678 4912 789 4973 dilecti
823 4911 858 4972 in
879 4913 1019 4974 Domino
1043 4914 1121 4983 ulii,

327 5010 449 5072 vestris
459 5011 561 5087 justis
576 5010 857 5086 postulationibus
874 5012 969 5085 grato
980 5027 1123 5072 concur-

326 5110 441 5170 rentes
460 5124 613 5179 assensu,
641 5108 926 5185 compositionem,
943 5126 1017 5186 quae
1032 5110 1123 5170 inter

326 5222 386 5268 vos
401 5220 444 5266 ex
467 5205 561 5281 parte
585 5220 652 5266 una
681 5206 714 5267 et
734 5205 959 5267 venerabilem
984 5205 1122 5267 fratrem

325 5305 513 5365 nostrum...
526 5303 722 5365 Lealensem
737 5304 929 5381 episcopum
944 5304 1119 5377 exaltem,

326 5416 427 5477 super
442 5400 639 5478 quibusdam
660 5402 771 5474 terris
786 5401 1009 5463 mediantibus
1020 5418 1124 5463 vene-

324 5500 425 5561 rabili
438 5499 541 5562 fratre
556 5502 671 5561 nostro
686 5500 822 5577 Rigeusi
838 5500 994 5577 episcopo
1003 5502 1037 5561 et
1047 5504 1121 5577 ejus

947 277 1124 338 HONORII
1144 277 1190 336 111
1211 277 1360 338 OPERA.

1917 281 1977 341 152

1179 436 1300 498 litteris
1331 435 1409 498 inde
1433 437 1593 500 conlectis
1615 437 1748 514 plenius
1771 437 1972 516 continetur,

1180 534 1265 595 sicut
1278 535 1343 596 rite
1358 535 1431 596 sine
1439 535 1602 612 pravitate
1617 535 1705 596 laeta
1718 535 1779 607 est,
1793 537 1976 613 provideat

1180 631 1221 692 ab
1257 635 1397 709 utraque
1435 636 1552 708 sponte
1585 636 1737 708 recepta,
1774 634 1975 696 auctoritate

1179 730 1367 804 apostolica
1377 729 1611 790 confirmamus
1624 731 1657 791 et
1665 730 1840 806 praesentis
1855 731 1974 806 scripti

1180 827 1365 901 patrocinio
1392 827 1644 888 communimus.
1670 827 1719 887 Ad
1735 829 1896 903 majorem
1913 844 1976 889 au-

1179 926 1246 984 tem
1261 925 1312 984 rei
1322 924 1534 996 evidentiam,
1548 926 1697 985 tenorem
1717 924 1905 986 litterarum
1921 926 1976 1002 ip-

1180 1035 1292 1081 sarum
1305 1021 1460 1082 duximus
1476 1021 1516 1082 de
1541 1021 1643 1082 verbo
1659 1021 1700 1082 ad
1726 1021 1865 1083 verbum
1887 1039 1977 1099 praa-

1180 1118 1329 1178 sentibus
1344 1119 1572 1180 inserendum:

1218 1219 1281 1276 «In
1292 1216 1425 1276 nomine
1439 1219 1562 1278 sanctae
1578 1217 1611 1278 et
1626 1215 1806 1278 individuae
1826 1216 1978 1280 Trinita-

1179 1311 1233 1372 tis.
1250 1315 1473 1384 Hermannus,
1490 1313 1550 1374 Dei
1570 1314 1678 1388 gratia
1690 1313 1862 1375 healensis
1884 1315 1979 1390 epis-

1180 1425 1293 1486 copus,
1327 1409 1480 1472 omuibus
1502 1411 1565 1472 hoc
1591 1411 1751 1488 scriptum
1774 1409 1972 1487 legentibus,

1180 1506 1320 1568 salutem
1336 1507 1369 1568 in
1383 1523 1433 1580 eu,
1445 1508 1501 1586 qui
1514 1508 1566 1569 est
1585 1509 1676 1569 salus
1691 1509 1850 1572 omnium.

1218 1607 1371 1666 «Notum
1383 1621 1455 1666 esse
1471 1606 1623 1667 volumus
1641 1606 1707 1668 tam
1727 1606 1858 1678 suturis,
1876 1623 1977 1684 quam

1179 1702 1410 1778 praesentibus,
1441 1703 1527 1781 quod
1552 1703 1593 1764 de
1617 1704 1976 1766 consiliovenerabilis

1178 1798 1291 1861 fratris
1311 1800 1418 1861 nostri
1438 1800 1575 1872 Alberti,
1592 1801 1746 1877 Rigensis
1766 1801 1926 1878 episcopi,
1944 1803 1977 1864 et

1179 1897 1331 1959 ecclesiae
1342 1914 1423 1970 suae,
1452 1899 1705 1974 peregrinorum
1723 1914 1854 1976 quoque
1866 1915 1907 1960 ac
1923 1900 1974 1960 ci-

1179 1996 1270 2055 vium
1307 1996 1513 2071 Rigensium,
1547 2011 1621 2056 cum
1654 1995 1814 2058 iratribus
1844 1997 1975 2058 militiae

1180 2092 1314 2163 Christi,
1328 2094 1425 2168 juxta
1450 2093 1536 2169 quod
1555 2094 1591 2154 in
1613 2093 1804 2155 authentico
1826 2094 1974 2170 ipsorum

1180 2189 1379 2261 continetur,
1400 2190 1501 2252 talem
1521 2190 1659 2252 fecimus
1684 2191 1969 2267 compositionem,

1180 2287 1216 2348 ut
1230 2287 1416 2349 videliceta
1430 2286 1526 2348 nobis
1543 2289 1576 2350 et
1588 2303 1608 2348 a
1622 2289 1745 2349 nostris
1761 2290 1973 2350 successori-

1179 2382 1319 2460 husipsi
1330 2386 1465 2446 teneant
1486 2385 1629 2446 mediam
1644 2386 1779 2446 circiter
1800 2387 1971 2462 regionem

1180 2482 1391 2558 episcopatus
1407 2483 1524 2552 nostri,
1537 2483 1875 2559 jurisdictionecivili
1891 2499 1970 2560 per-

1179 2580 1278 2654 petuo
1288 2579 1531 2655 possidendam,
1549 2595 1623 2640 cum
1652 2580 1815 2652 ecclesiis,
1832 2579 1969 2642 decimis

1177 2677 1309 2737 etomni
1328 2677 1550 2739 emolumento
1565 2677 1751 2753 temporali,
1776 2678 1901 2738 terram
1922 2679 1974 2740 vi-

1178 2772 1297 2834 delicet
1337 2774 1504 2846 Sachelae,
1537 2775 1786 2850 Normigundaa
1828 2775 1968 2846 Mockae,

1177 2887 1252 2931 cum
1268 2871 1338 2931 suis
1362 2872 1560 2944 attinentiis
1584 2874 1617 2934 et
1643 2872 1813 2933 dimidiam
1840 2874 1968 2949 partem

1177 2967 1276 3028 terrae
1291 2967 1451 3042 Vaigelae,
1463 2968 1556 3029 salvo
1567 2969 1602 3028 in
1618 2967 1770 3030 omnibus
1785 2967 1877 3029 nobis
1887 2971 1968 3044 jure

1177 3065 1355 3141 spirituali.
1386 3067 1423 3125 In
1452 3065 1585 3143 illisque
1611 3067 1709 3128 terris
1736 3066 1970 3143 perecclesias

1177 3177 1255 3223 suas
1271 3177 1431 3239 personas
1447 3162 1583 3225 idoneas
1595 3163 1771 3227 instituent
1786 3165 1818 3227 et
1833 3181 1891 3226 eas
1906 3164 1970 3225 ins·

1176 3260 1343 3321 tituendas
1358 3260 1453 3321 nohis
1473 3262 1730 3338 praesentabunt.
1749 3266 1813 3325 Pro
1834 3262 1887 3323 his
1902 3278 1968 3324 au-

1175 3358 1240 3419 tem
1254 3358 1353 3421 terris
1362 3358 1490 3420 nullum
1502 3360 1597 3420 nohis
1605 3360 1787 3437 temporale
1798 3360 1971 3421 servitium

1176 3456 1266 3516 aliud
1283 3455 1497 3527 exhibebunt,
1515 3458 1578 3517 nisi
1602 3458 1687 3534 quod
1702 3473 1762 3533 pro
1779 3458 1973 3535 episcopatu

1177 3553 1970 3631 nostroincursushostiumjugiterdecertabunt,

1175 3650 1259 3711 etin
1284 3650 1513 3726 spiritualibus
1540 3652 1636 3712 nobis
1649 3651 1813 3725 obedient,
1835 3655 1884 3723 et,
1898 3668 1972 3713 cum

1176 3747 1307 3808 ratione
1329 3747 1431 3808 oflicii
1455 3749 1654 3825 episcopalis
1678 3750 1839 3811 ecclesias
1856 3766 1972 3811 eorum

1176 3843 1397 3917 visitabimus,
1434 3862 1597 3921 expensas
1629 3846 1725 3907 nohis
1760 3848 1969 3909 necessarias

1176 3940 1423 4003 ministrabunt.
1441 3944 1594 4005 Fluvium
1617 3945 1727 4005 autem
1750 3946 1909 4021 Emajoga
1928 3943 1973 4004 li-

1176 4037 1291 4099 berum
1317 4039 1549 4117 relinquimus,
1575 4040 1627 4101 vel
1652 4042 1862 4117 gurgustium
1882 4043 1972 4117 regis

1177 4136 1349 4197 dimidium
1361 4138 1410 4198 eis
1423 4138 1636 4200 dimittemus.
1647 4141 1697 4200 Ne
1712 4139 1785 4216 quis
1801 4141 1912 4201 autem
1924 4140 1971 4199 eis

1177 4250 1278 4309 super
1299 4234 1362 4295 hac
1391 4238 1505 4296 nostra
1529 4237 1745 4298 concessione
1768 4236 1970 4298 malitiosum

1177 4331 1297 4393 afferat
1309 4332 1592 4409 impedimentum,
1609 4333 1670 4393 sub
1685 4335 1910 4395 anathematis
1925 4334 1972 4393 in-

1177 4430 1412 4491 terminatione
1427 4412 1697 4507 prohibemusjet
1710 4432 1745 4492 ut
1760 4430 1883 4492 iactum
1897 4446 1973 4493 nos·
1988 4444 1989 4447 ’

1177 4526 1265 4588 trum
1283 4526 1385 4589 robur
1406 4529 1600 4604 perpetuum
1616 4528 1773 4599 obtineat,
1796 4528 1884 4591 hanc
1897 4545 1973 4589 cer·

1175 4625 1243 4685 tam
1276 4624 1354 4684 inde
1390 4624 1557 4685 conscribi
1583 4624 1616 4685 et
1644 4625 1755 4701 sigillo
1787 4628 1902 4687 nostro
1941 4630 1974 4689 et

1177 4722 1303 4782 domini
1327 4722 1479 4796 Rigensis
1505 4722 1652 4798 episcopi
1676 4725 1709 4785 et
1735 4722 1973 4784 ecolesiaesuae
2080 4732 2081 4735 ’

1176 4818 1298 4879 muniri
1316 4818 1466 4880 lecimus.
1476 4822 1582 4897 Hujus
1597 4820 1738 4881 actionis
1753 4821 1855 4881 testes
1871 4823 1967 4882 sunt:

1176 4916 1336 4978 Dominus
1371 4916 1541 4988 Albertus,
1581 4918 1738 4991 Rigensis
1780 4918 1971 4995 episcopus

1176 5018 1323 5076 loannes
1348 5016 1546 5091 praepositus
1574 5016 1607 5074 S.
1625 5016 1740 5075 Mariae
1767 5014 1802 5074 in
1830 5015 1915 5091 Riga
1940 5018 1972 5077 et
2079 5066 2080 5089 ,

1176 5112 1249 5187 ejus
1260 5112 1454 5183 conventus,
1467 5110 1587 5171 Albero
1601 5111 1693 5187 prior
1706 5111 1741 5170 in
1756 5113 1972 5173 Dunemunde

1177 5224 1252 5269 cum
1279 5208 1437 5269 iratribus
1474 5208 1556 5279 suis,
1583 5208 1762 5269 Rotmarus
1795 5224 1973 5285 germanus

1176 5306 1302 5377 noster,
1319 5306 1462 5366 Thomas
1476 5304 1637 5381 plebanus
1650 5304 1684 5365 in
1698 5306 1887 5383 Luneburg,
1902 5322 1974 5369 vas·
2078 5342 2079 5365 i

1177 5401 1252 5465 salli
1268 5403 1419 5464 ecclesiae
1434 5402 1588 5477 Rigensis
1606 5424 1613 5462 ε
1630 5417 1740 5463 comes
1758 5405 1971 5466 Burchardus

1176 5502 1216 5562 de
1230 5500 1434 5576 Aldenburg,
1450 5499 1567 5560 Daniel
1583 5499 1624 5560 de
1637 5500 1826 5573 Linevvard,
1844 5503 1972 5563 Conra-
2077 5560 2078 5565 ,

328 5598 477 5675 collegis,
503 5597 725 5661 amicabiliter
748 5599 938 5671 intervenit,
966 5600 1066 5675 prout
1086 5598 1120 5659 in
1175 5598 1236 5661 dus
1252 5596 1292 5659 de
1314 5597 1476 5669 Ihescola,
1493 5596 1662 5661 iohannes
1684 5597 1724 5659 de
1746 5600 1860 5671 Dolon,
1875 5616 1974 5677 pere·

2065 6126 2076 6370 l
