4217 6400
308 297 367 356 207
967 297 1129 359 HONORII
1149 297 1194 358 Ill
1215 297 1348 360 OPERA.
1945 311 2002 369 ‘208
2094 321 2095 358 i

310 458 360 505 ras
374 442 514 508 locorum
528 460 584 508 seu
598 443 800 522 grangiarum
815 448 1009 521 vestrarum,
1024 439 1131 503 nullus

310 538 451 618 rapinam
467 556 525 604 seu
545 541 662 604 lurtum
684 539 804 618 iacere,
828 537 937 616 iguem
955 551 1129 616 apponere,

309 637 496 714 sanguinem
520 638 669 717 tundere,
692 635 851 700 homiuem
875 641 996 699 temere
1018 648 1131 712 capere

309 732 361 794 vel
384 732 579 812 interlicere,
605 748 662 794 seu
686 730 869 794 violentiam
897 731 1010 794 audeat
1037 743 1130 792 exer-

309 844 392 893 cere.
423 831 578 893 Praeterea
606 845 715 892 omues
742 828 904 892 libertates
926 832 959 891 et
982 824 1128 889 immuni·

309 928 389 988 tates
410 941 429 987 a
448 924 734 1004 praedecessoribus
752 923 868 987 uostris
885 922 1034 987 Romanis
1050 939 1129 1001 pon-

309 1021 446 1084 tificibus
466 1022 657 1086 monasterio
678 1027 781 1085 vestro
803 1036 983 1100 concessas,
1006 1036 1129 1084 necnon

309 1124 340 1183 et
359 1118 521 1184 libertates
539 1125 571 1184 et
588 1120 804 1199 exemptiones
823 1117 1021 1184 saecularinm
1036 1133 1126 1182 exac·
1225 1200 1226 1203 Ἴ
1248 1097 1251 1102 ’

308 1214 431 1280 tionum
449 1234 468 1280 a
487 1217 616 1294 regibus
636 1223 669 1282 et
689 1216 885 1296 principibus
907 1216 956 1280 uel
973 1215 1043 1279 aliis
1058 1215 1128 1278 lide-

308 1312 394 1377 libus
417 1315 642 1378 rationabiliter
663 1314 752 1378 vobis
769 1313 923 1394 indultas,
943 1313 1128 1378 auctoritate

307 1409 485 1489 Apostolica
510 1411 745 1492 confirmamus,
768 1415 801 1474 et
831 1411 996 1490 praesentis
1018 1407 1127 1486 scripti

308 1507 475 1587 privilegio
500 1507 741 1572 communimus.
768 1507 972 1572 Decernimus
993 1522 1070 1585 ergo
1094 1509 1128 1567 ut

308 1606 389 1670 nulli
415 1606 546 1670 omuino
569 1606 732 1669 hominum
755 1605 847 1670 liceat
870 1605 1035 1684 praelatum
1062 1621 1126 1668 mo·

308 1701 482 1766 uasterium
496 1708 614 1766 temere
630 1702 833 1782 perturbare,
855 1709 910 1765 aut
922 1700 991 1780 eius
1004 1716 1128 1780 posses-

308 1798 414 1862 siones
429 1799 569 1879 auterre,
589 1798 640 1862 vel
660 1797 778 1861 ablatas
799 1797 952 1877 retinere,
965 1796 1125 1875 minuere,

308 1909 366 1957 seu
401 1891 598 1974 quibuslibet
633 1891 853 1956 vexationibus
884 1891 1035 1972 fatigare3
1072 1892 1127 1956 s'ed

307 1989 413 2053 omnia
427 1988 551 2066 integra
564 1991 789 2052 conserventur
802 2003 912 2051 eorum
922 2003 979 2066 pro
992 2003 1126 2066 quorum

307 2082 537 2163 gubernatione
560 2099 597 2146 ac
620 2082 848 2147 sustentatione
869 2097 1018 2146 concessa
1035 2087 1124 2161 sunt,

307 2182 418 2246 usibus
438 2180 626 2245 omnimodis
644 2181 822 2261 profutura,
840 2179 926 2244 salva
941 2178 1030 2244 Sedis
1044 2183 1125 2258 Apo-

308 2279 428 2344 stolicae
441 2279 627 2342 auctoritate
645 2284 676 2341 et
694 2276 865 2342 dioecesaui
882 2277 1020 2356 episcopi
1035 2293 1125 2341 cauo·

307 2377 380 2441 nica
390 2375 527 2456 justitia,
550 2392 586 2438 ac
600 2374 694 2438 etiam
709 2390 805 2453 super
818 2374 978 2453 predictis
996 2373 1127 2437 decimis

308 2471 521 2536 moderatione
542 2468 671 2534 concilii
686 2468 858 2553 generalis.

348 2567 380 2630 Si
400 2584 464 2647 qua
482 2564 582 2643 igitur
596 2565 628 2628 in
645 2565 786 2628 futurum
800 2563 1013 2629 ecclesiastica
1025 2579 1126 2627 saecu-

306 2665 420 2730 larisve
441 2680 574 2743 persona
592 2662 674 2728 hanc
690 2668 805 2727 nostrae
825 2661 1058 2727 constitutionis
1071 2677 1127 2741 pa-

305 2761 414 2840 ginam
434 2759 539 2824 sciens
555 2763 664 2824 contra
679 2773 749 2822 eam
766 2763 885 2822 temere
899 2758 1009 2822 venire
1023 2762 1126 2820 teuta-

306 2857 399 2937 verit,
410 2858 550 2921 secundo
563 2856 697 2921 tertiove
711 2853 911 2930 commonita,
928 2854 987 2918 nisi
1005 2859 1126 2918 reatum

305 2970 399 3017 suum
423 2969 563 3031 congrua
591 2950 801 3015 satisfactione
828 2951 1016 3031 correxerit,
1041 2955 1128 3029 pote-

305 3048 394 3113 statis
410 3047 603 3127 honorisque
615 3046 665 3110 sui
679 3046 833 3124 dignitate
846 3049 961 3126 careat,
977 3060 1127 3134 reamque

305 3160 341 3209 se
361 3143 468 3207 divino
479 3141 598 3223 jndicio
621 3142 757 3206 existere
770 3142 810 3206 de
823 3147 1001 3221 perpetrata
1013 3140 1126 3222 iniqui·

305 3248 370 3305 tate
400 3246 566 3315 cognoscat
592 3246 625 3303 et
651 3256 670 3302 a
695 3238 907 3303 sacratissimo
935 3254 1066 3318 corpore
1094 3244 1126 3303 et

305 3338 461 3416 sanguine
487 3335 544 3401 Lei
571 3344 603 3401 et
632 3336 755 3400 Domini
781 3336 1000 3417 Redemptoris
1026 3336 1125 3400 nostri

303 3439 378 3501 Jesu
397 3434 510 3500 Christi
531 3434 633 3499 aliena
651 3435 721 3515 liat,
740 3440 836 3515 atque
848 3433 881 3497 in
896 3440 1037 3498 extremo
1051 3449 1122 3497 exa-

304 3535 390 3596 mine
403 3532 555 3597 districtae
566 3529 725 3611 subiaceat
742 3530 864 3594 ultioni.
881 3530 1007 3595 cunctis
1018 3536 1123 3595 autem

304 3630 416 3693 eodem
430 3628 499 3691 loco
508 3643 566 3690 sua
575 3627 648 3707 jnra
661 3625 860 3690 servantibus
871 3626 913 3690 sit
926 3643 986 3706 pax
1000 3626 1125 3691 Domini

304 3726 403 3791 nostri
425 3729 500 3790 Jesu
526 3724 656 3797 Christi,
682 3731 838 3805 quatenus
859 3729 891 3788 et
913 3723 966 3786 hic
986 3724 1123 3789 fructum

303 3823 397 3889 bonae
419 3823 551 3888 actionis
573 3822 764 3901 percipiant,
787 3827 819 3884 et
839 3822 923 3900 apud
946 3821 1125 3886 districtum

300 3918 440 3998 jndicem
456 3918 585 3996 praemia
598 3922 726 3981 aeternae
735 3915 821 3995 pacis
830 3915 1002 3981 inveniant.
1012 3920 1122 3982 Amen.

303 4018 413 4079 Amen.
430 4017 539 4077 Amen.

342 4114 409 4189 ligo
423 4110 591 4192 Honorius,
606 4110 768 4175 catholice
781 4108 931 4175 Ecclesiae
945 4108 1122 4189 episcopus.

343 4211 408 4287 Ego
430 4208 544 4288 Guala,
563 4209 667 4273 Sancti
689 4208 814 4273 Martini
836 4208 1002 4291 presbyter
1022 4209 1126 4274 cardi-

302 4306 384 4370 nalis
398 4304 482 4369 tituli
496 4305 624 4385 Equitii.

341 4406 408 4482 Ego
426 4402 622 4483 Stephanus,
643 4403 784 4469 basilicae
806 4404 973 4468 duodecim
992 4406 1123 4483 Aposto-

302 4501 404 4565 lorum
419 4501 584 4582 presbyter
598 4500 776 4565 cardinalis.

341 4601 407 4677 Ego
422 4598 572 4680 Thomas,
587 4597 673 4663 tituli
687 4600 808 4663 Sanctae
820 4596 944 4662 Sabinae
960 4598 1125 4679 presbyter

302 4694 480 4761 cardinalis.

341 4793 407 4869 Lgo
429 4793 539 4870 Hugo,
565 4787 741 4853 Hostieusis
762 4794 795 4853 et
815 4786 1020 4854 velletrensis
1042 4789 1122 4870 epis·

301 4904 411 4968 copus.

342 4986 406 5061 Lgo
421 4982 597 5063 conraduS,
616 4980 799 5045 Portuensis
813 4986 845 5045 et
864 4980 987 5047 Sanctae
1002 4982 1123 5047 Rufinae

301 5078 478 5159 episcopus.

340 5177 406 5253 ltgo
419 5173 537 5255 (luido,
554 5172 813 5240 Praenestineusis
827 5171 1005 5254 episcopus.

340 5275 406 5350 Ego
425 5271 628 5353 Octavianus,
648 5274 834 5336 Sanctorum
856 5270 959 5349 sergii
976 5276 1009 5336 et
1027 5273 1120 5337 Baebi

300 5369 451 5435 diaconus
464 5369 641 5434 cardinalis.

339 5470 405 5545 Ego
423 5466 607 5548 Rammius,
630 5468 753 5533 Sanctae
773 5470 880 5534 narrae
901 5468 935 5532 iu
955 5468 1120 5534 cosmedin

300 5561 451 5626 diaconus
465 5561 641 5626 cardinalis.

1179 535 1303 599 dinalis.

1218 633 1332 696 Datum
1351 635 1514 715 Laterani,
1530 652 1587 716 per
1606 655 1735 703 manum
1755 641 1874 705 domini
1895 658 2001 722 pape,

1179 729 1224 789 ΙΙΙ
1238 742 1336 790 nonas
1350 729 1469 810 martii,
1493 731 1665 798 indictione
1683 737 1751 815 XV,
1772 737 2003 800 lucarnationis

1179 822 1304 885 Domini
1316 840 1398 888 anuo
1412 828 1621 910 MGGXXVII,
1637 830 1835 909 pontificatus
1854 848 1930 897 vero
1947 833 2003 898 do-

1179 916 1258 980 mini
1275 919 1405 984 Honorii
1422 937 1512 1002 papae
1526 925 1570 987 ΙΙΙ
1585 941 1666 989 anno
1683 927 1860 991 undecimo.

1507 1123 1675 1216 Lxxbt

1286 1279 1341 1346 Ad
1357 1281 1578 1352 Nicosc'ensem
1597 1285 1894 1377 archiepiscopum.

1481 1427 1496 1478 5
1511 1424 1600 1481 martii
1617 1429 1695 1483 1227.

1318 1540 1384 1607 [Mas
1397 1543 1493 1606 Latris,
1506 1545 1570 1596 Hist.
1585 1547 1616 1596 de
1631 1546 1741 1611 Chypre,
1756 1548 1791 1606 ΙΙ,
1808 1548 1859 1613 itt]

1177 1661 1329 1722 Nicosieusi
1352 1668 1573 1744 archiepiscopo,
1598 1677 1630 1728 ut
1655 1689 1685 1727 se
1709 1673 1847 1729 subducat
1867 1691 1886 1730 a
1906 1691 2003 1748 prose-

1213 1751 1322 1808 cutione
1343 1754 1538 1830 negotii,circe
1558 1757 1642 1812 liliam
1662 1759 1766 1832 reginae
1786 1757 1869 1833 Cypri
1895 1767 1923 1817 et
1944 1761 2003 1834 ejus

1213 1840 1341 1896 maritum
1365 1841 1399 1896 de
1423 1843 1662 1916 consanguinitate
1686 1852 1848 1918 suspectos3
1875 1846 2003 1922 idemque
2094 1915 2095 1918 Ἰ

1213 1929 1355 2002 negotium
1371 1929 1532 2004 patriarohae
1549 1930 1795 2006 Hierosolymitnno
1810 1935 1965 1992 committit.

1218 443 1284 518 ego
1299 441 1493 526 Stephanus,
1512 447 1617 511 Sauctr
1630 448 1757 512 Adriani
1773 449 1925 516 diaconus
1940 468 2001 517 car-
2094 449 2095 544 ff

1217 2052 1377 2135 Laterani,
1395 2058 1441 2119 ΙΙΙ
1457 2072 1554 2121 nouas
1573 2057 1695 2140 martii,
1715 2075 1797 2123 anno
1817 2060 1998 2126 undecimo.

1517 2262 1663 2350 LXXV

1230 2413 1288 2482 Ad
1299 2417 1532 2506 patriarcham
1552 2419 1895 2509 Hierosolymitanum
1915 2434 1947 2488 et

1368 2521 1557 2612 episcopum
1575 2527 1807 2590 Acconcrtsem.

1482 2665 1497 2717 5
1514 2661 1603 2720 martii
1620 2665 1697 2718 1227.

1318 2785 1490 2850 [titubabis.
1506 2787 1570 2838 Hist.
1585 2787 1616 2838 de
1631 2786 1740 2852 Chypre,
1757 2787 1793 2848 ll,
1809 2787 1860 2853 th]

1176 2905 1343 2964 Patriarehae
1370 2909 1617 2984 Hierosolymitano
1641 2917 1669 2968 et
1694 2910 1824 2984 episcopo
1848 2912 2003 2969 hecenensi

1213 2997 1357 3054 committit
1375 2998 1514 3071 negotium
1536 2999 1598 3054 lilim
1618 2999 1720 3072 reginae
1740 2999 1824 3073 Cypri
1842 3006 1870 3056 et
1889 3000 1938 3056 filii
1955 3018 2003 3058 co-

1211 3083 1284 3139 mitis
1300 3083 1460 3156 Tripolitani
1476 3084 1510 3140 de
1526 3085 1766 3158 consanguinitate
1779 3085 1850 3142 inter
1864 3103 1924 3142 eos.

1216 3206 1376 3287 Laterani,
1394 3208 1439 3271 ΙΙΙ
1458 3224 1556 3272 nonas
1576 3208 1695 3289 martii,
1716 3226 1797 3273 anno
1817 3209 2002 3273 undecimo.

1504 3410 1670 3499 LXXVI

1117 3627 1122 3637 .
1198 3566 1255 3637 Ad
1270 3568 1475 3637 Frtden'com
1493 3574 1723 3639 Romanorum
1740 3570 1980 3662 imperatorem

1429 3687 1462 3743 et
1478 3696 1589 3764 rcqem
1606 3674 1740 3743 Sicilie.

1304 3814 1423 3879 [sudor.
1436 3815 1468 3864 de
1479 3814 1572 3879 archig.
1588 3816 1710 3880 professo.
1725 3815 1748 3876 1,
1764 3815 1801 3875 ΙΙ,
1817 3815 1870 3880 th]

1215 3928 1289 4010 Ejus
1308 3932 1412 3995 locum
1431 3932 1506 3998 licet
1523 3932 1673 3998 immeriti
1687 3934 1868 3997 obtinentes
1883 3933 1917 3997 in
1933 3938 2002 3999 ter·
2094 3946 2095 3957 ¹

1177 4026 1238 4107 ris,
1254 4043 1327 4108 qnae
1346 4044 1407 4108 par
1425 4034 1529 4092 nostra
1542 4029 1616 4094 fecit
1634 4036 1767 4110 utraque
1786 4047 1904 4109 uuum,
1920 4030 2004 4093 duos
2094 4052 2095 4065 ³

1177 4122 1311 4202 parietes
1330 4124 1494 4188 venientes
1512 4140 1530 4189 e
1549 4124 1674 4189 diverso
1696 4125 1893 4207 conjungens
1914 4126 1945 4189 in
1966 4142 2003 4190 se
2094 4134 2095 4137 ’

1176 4219 1244 4298 ipso
1259 4217 1362 4297 lapide
1377 4220 1757 4302 augulari,nasoentibus
1772 4222 1927 4285 debemus
1942 4220 2000 4285 ob·
2094 4228 2095 4305 l

1177 4316 1261 4381 viare
1275 4315 1457 4398 discordiis,
1474 4321 1506 4381 et
1521 4316 1686 4381 intendere
1701 4316 1906 4396 sollicite,ac
1924 4314 2000 4379 dili·
2094 4310 2095 4359 t

1175 4418 1287 4491 genter
1302 4412 1342 4476 ad
1356 4427 1410 4492 ea,
1427 4430 1499 4492 quae
1515 4417 1589 4476 sunt
1606 4411 1782 4477 concordiae
1802 4412 1948 4491 unitatis,
1968 4418 2003 4476 et
2094 4434 2095 4447 Ι

1177 4507 1272 4586 pacis.
1291 4508 1368 4572 Cum
1389 4522 1465 4586 ergo
1481 4522 1583 4586 nuper
1595 4506 1678 4573 inter
1695 4514 1795 4598 te,ac
1813 4507 2003 4571 societatem
2094 4540 2095 4583 p

1174 4604 1387 4686 Lombardiae,
1412 4604 1623 4685 Romaniolae,
1648 4611 1743 4685 atque
1763 4602 1911 4669 Marchiae
1933 4602 2003 4666 dis·
2094 4602 2095 4683 l

1173 4701 1280 4765 cordia
1300 4697 1368 4779 ejus
1387 4706 1454 4763 orta
1474 4706 1573 4780 esset,
1597 4717 1654 4764 nos
1675 4700 1891 4778 attendentes,
1912 4698 2003 4779 quod
2094 4690 2095 4695 ’

1175 4810 1241 4876 res,
1261 4794 1322 4859 nisi
1341 4794 1547 4859 obsisteretur
1563 4794 1744 4875 principiis,
1759 4793 1921 4857 asserebat
1937 4790 2002 4855 im·

1173 4892 1388 4970 pedimentum
1409 4890 1537 4969 negotio
1559 4892 1664 4954 Terrae
1688 4892 1825 4969 Sanctae,
1851 4902 1909 4967 pro
1934 4904 2005 4968 quo

1173 4982 2005 5067 esttantotemporelaboratum,diguumduximus

1173 5083 1374 5162 interponere
1394 5088 1498 5162 partes
1516 5086 1648 5147 nostras.
1670 5084 1714 5147 Te
1733 5080 1849 5160 igitur,
1865 5085 1898 5143 et
1915 5096 2006 5158 prae-

1172 5177 1265 5242 dictio
1285 5182 1386 5241 totum
1401 5178 1504 5256 ipsum
1524 5176 1870 5255 negotiummnostra,
1887 5178 1921 5238 et
1936 5176 2007 5238 tra·
2094 5160 2095 5209 Ι

1173 5283 1256 5338 trum
1283 5280 1462 5338 nostrorum
1488 5272 1703 5353 providentia,
1729 5277 1762 5336 et
1790 5268 2007 5350 dispositione

1172 5370 1292 5451 libere,
1314 5386 1351 5435 ac
1372 5369 1517 5435 absolute
1535 5368 1743 5449 ponentibus,
1767 5367 1864 5449 idque
1886 5366 2007 5432 decla-

1171 5466 1315 5531 rantibus
1333 5482 1390 5546 per
1404 5466 1543 5547 litterae,
1566 5470 1598 5531 et
1619 5464 1747 5544 publica
1766 5463 2007 5543 instrumenta,

1171 5579 1306 5629 necnon
1321 5580 1379 5643 per
1391 5562 1547 5628 solemnes
1561 5568 1790 5642 procuratores
1808 5566 1840 5625 et
1855 5559 2008 5641 nuntios,
