4217 6400
137 335 181 398 ss
761 323 990 403 nrrstonm.
1014 335 1094 400 nm.
1116 337 1158 398 x.
1739 339 1779 402 se

138 497 275 574 piscopo
284 495 505 568 Narbonensi,
516 496 656 560 salutem
667 493 930 574 etApostollcam
984 493 1084 558 lustri
1096 493 1251 573 primitus
1265 493 1454 573 procurata,
1479 497 1514 560 et
1529 493 1594 559 sibi
1606 498 1707 560 etiam
1720 513 1784 575 per

136 591 414 654 benedictionem.
985 595 1133 672 ejusdem
1151 595 1242 671 regis
1255 594 1385 655 litteras
1406 594 1615 668 demandata,
1631 596 1782 673 partibus

178 691 283 751 Justis
310 691 502 767 petentium,
531 689 605 762 ete,
629 704 737 766 arsque
763 691 927 762 inclinati,
985 691 1025 752 ad
1054 680 1165 753 loc'um
1191 692 1232 756 ad
1248 708 1346 768 quem
1365 707 1442 752 cum
1458 693 1528 753 suis
1543 693 1703 754 accedere
1720 709 1781 754 ss·

137 786 284 848 decimas
313 803 395 864 quas
416 787 510 850 honae
530 789 698 851 memoriae
720 792 771 860 A„
794 787 928 850 Narbo·
985 789 1223 861 curevaleaut,
1236 791 1442 861 convocatis,
1459 789 1571 851 easad
1586 789 1783 851 litemdum·

136 885 253 945 nensis
281 883 562 963 archiepiscopus,
592 883 817 964 praedecessor
839 887 927 971 tuus,
984 886 1127 947 taretin
1142 886 1590 963 tuapraesentiasinemorae
1606 887 1780 963 dispendio

136 982 380 1044 interveniente
394 983 785 1058 auctoritatelegatorum
796 982 931 1059 Aposto·
984 982 1132 1058 legitime
1153 980 1413 1055 contestandum,
1430 983 1560 1045 sublato
1579 983 1781 1060 appellatio-

137 1080 214 1142 licae
230 1080 326 1140 sedis
342 1081 376 1141 in
387 1081 598 1142 Narbonensi
626 1080 776 1152 dioecesi,
794 1078 929 1140 Narbo-
984 1080 1036 1140 nis
1072 1077 1255 1152 obstaculo,
1290 1095 1355 1156 qua
1390 1081 1547 1142 convenit
1572 1080 1781 1142 districtione

136 1179 254 1238 nensis
278 1177 428 1238 ecclesiae
454 1177 632 1254 aequisivit
654 1177 725 1249 tibi,
749 1191 788 1238 ac
811 1191 871 1254 per
896 1179 930 1237 te
984 1177 1181 1254 compellas3
1206 1177 1424 1239 nihilominus
1450 1179 1630 1252 injungens
1654 1177 1780 1238 eisdem

137 1273 929 1352 successoribustuis,sicuteasJuste,oanonice
984 1275 1021 1335 ut
1048 1275 1250 1336 conveniant
1272 1275 1308 1334 in
1332 1275 1445 1351 aliquo
1471 1274 1528 1351 qui
1555 1274 1597 1335 de
1623 1273 1780 1335 mandato

136 1370 266 1432 obtines
298 1372 331 1433 et
361 1371 482 1448 quiete,
513 1373 710 1434 auctoritate
740 1371 930 1449 apostolica
983 1371 1051 1443 tuo,
1073 1371 1271 1433 auctoritate
1292 1371 1418 1443 nostra,
1440 1371 1542 1432 testes
1564 1385 1648 1447 quos
1667 1369 1791 1446 partes

136 1467 384 1540 confirmamus,
414 1469 448 1530 et
472 1469 646 1545 praesentis
670 1469 785 1545 scripti
813 1468 928 1546 patro·
984 1468 1141 1530 duxerint
1157 1467 1386 1546 producendos
1406 1467 1547 1544 recipiat
1561 1470 1593 1528 et
1611 1467 1780 1529 examinet

136 1565 226 1626 cinio
252 1565 503 1627 communimus.
531 1567 624 1628 Nulli
639 1579 729 1642 ergo,
751 1569 825 1639 etc,
842 1567 930 1627 hanc
984 1563 1171 1640 diligenter,
1188 1562 1630 1640 aedepositioneseorumin
1644 1563 1779 1638 scriptis

135 1661 293 1738 paginam
342 1664 463 1724 nostrae
507 1663 769 1726 confirmationis
806 1663 930 1724 inirin-
983 1661 1136 1723 redactas
1145 1661 1207 1722 sub
1219 1661 1289 1721 suis
1305 1660 1425 1735 sigillis
1439 1661 1482 1721 ad
1494 1659 1694 1737 Apostolicae
1709 1662 1775 1720 Se-
1874 1674 1880 1686 ’

134 1774 227 1834 gere,
244 1759 306 1821 etc.
324 1760 359 1820 Si
370 1761 444 1836 quis
467 1762 589 1833 autem,
607 1761 668 1822 eto.
692 1763 811 1821 Datum
831 1761 930 1822 Late-
984 1758 1034 1818 dis
1058 1759 1206 1820 remittat
1228 1772 1379 1819 examen.
1416 1757 1540 1829 Testes,
1571 1757 1779 1818 cimbatum

134 1857 223 1928 rani,
239 1857 314 1918 XIV
328 1857 489 1919 kalendas
499 1858 598 1935 junii,
616 1873 705 1920 anno
719 1857 858 1920 decimo.
984 1854 1152 1927 Laterani,
1167 1857 1242 1917 XIV
1256 1855 1417 1916 kalendas
1425 1855 1526 1933 junii,
1543 1869 1632 1916 anno
1643 1852 1781 1930 pontiti·

984 1957 1078 2015 catus
1092 1953 1198 2016 nostri
1221 1953 1360 2016 decimo.

455 2117 608 2204 CXLVI

132 2269 188 2328 nu
207 2267 411 2340 somnam,
431 2270 550 2330 sareu
563 2269 685 2346 nupera
702 2269 925 2340 cardinalem,
1295 2227 1469 2314 CXLVII

399 2367 439 2426 A.
453 2368 488 2427 8.
504 2366 664 2442 epotum.
983 2381 1035 2440 Ad
1049 2379 1291 2453 patriarcham
1313 2380 1525 2438 Gradermm
1538 2375 1573 2436 et
1590 2375 1779 2448 capitulum

422 2495 456 2552 19
474 2495 544 2554 maii
560 2495 638 2554 laid.
1264 2475 1504 2537 cateruatim.

166 2615 300 2682 [bouquet
310 2617 368 2670 liae.
379 2616 423 2668 des
433 2617 509 2678 litat,
519 2619 587 2678 xlx,
603 2617 657 2670 711.
677 2619 787 2682 begeat,
805 2617 851 2670 lib.
863 2617 895 2676 X,
1277 2613 1313 2670 20
1325 2613 1396 2670 maii
1409 2612 1489 2671 lito.

459 2707 533 2771 11131·
543 2705 612 2770 ’751
723 2729 727 2734 '
1169 2741 1287 2809 [sporn.
1302 2744 1494 2803 misserat,
1509 2741 1591 2807 mos]

132 2812 225 2880 Quam
237 2810 273 2867 de
288 2812 378 2868 veteri
387 2812 526 2883 primatiae
538 2811 602 2884 iure
619 2810 787 2868 bituricensi
799 2810 929 2868 ecclesiae
1127 2829 1131 2836 ·
1243 2868 1249 2880 ,
1408 2867 1414 2880 ,

170 2907 282 2958 meno
292 2899 381 2972 jurgii
395 2911 513 2956 mmm
530 2899 635 2972 saepms
652 2899 812 2970 „gamm
827 2897 930 2958 Bardo,
983 2866 1099 2968 licndat
1112 2874 1143 2924 ut
1159 2875 1250 2924 vocatr
1265 2866 1301 2969 cd
1313 2882 1449 2968 arenulas
1461 2866 1599 2924 accedant
1611 2866 1775 2967 admonea-

169 2985 298 3057 galensis
323 2983 565 3058 archiepiscopus,
597 2998 740 3056 quamque
772 2984 928 3042 novissime
1009 2963 1111 3013 terrum
1127 2956 1155 3014 S.
1167 2957 1283 3029 Goorgrr
1298 2963 1327 3013 et
1339 2956 1401 3014 alus
1417 2955 1553 3012 accedere
1568 2961 1743 3028 permittant.

171 3075 310 3142 Romano,
336 3073 507 3146 Apostolicae
529 3071 610 3130 Sedis
630 3075 735 3146 legato,
760 3072 929 3145 quantocius
1021 3092 1189 3152 Honorius
1198 3091 1384 3168 episcopus,
1393 3107 1511 3152 servus
1521 3106 1694 3152 servorum
1702 3091 1773 3162 Dei,

170 3161 226 3219 due
250 3160 459 3221 terminandam
478 3163 661 3219 commiserat
680 3161 833 3232 Honorius,
846 3176 924 3219 eam·
981 3186 1166 3252 venerabili
1187 3189 1283 3252 stam
1310 3188 1511 3266 patriarcha,
1543 3188 1716 3262 Gradensi,
1742 3187 1777 3251 et

169 3250 234 3308 dem
248 3266 325 3307 nunc
340 3265 414 3307 nova
438 3248 644 3323 disceptatione
658 3250 836 3308 tractandam
851 3249 927 3307 idom
982 3286 1112 3347 dilectis
1136 3286 1216 3346 filiis

168 3338 298 3397 Pontifex
311 3339 447 3397 decemp,
1237 3286 1383 3364 capitulo
1406 3286 1606 3359 castellano,
1632 3286 1774 3347 salutem

982 3383 1014 3445 et
1034 3381 1258 3460 Apostolicam
1279 3382 1553 3445 benedictionem.

172 3476 341 3539 Honorius
377 3476 605 3553 episcopus...,
640 3473 759 3535 dilecto
789 3474 858 3534 illio
885 3476 924 3535 R.
1020 3479 1155 3540 Debetis
1189 3479 1263 3540 loca
1292 3479 1453 3555 religiosa
1481 3480 1632 3555 diligere,
1664 3482 1702 3541 et
1734 3496 1776 3541 ea

135 3573 249 3634 Sancti
269 3573 390 3649 Angeli
410 3572 551 3634 diacono
575 3570 750 3642 cardinali,
774 3573 812 3631 Α.
828 3572 860 3631 S.
877 3571 928 3631 le-
982 3576 1137 3647 maxime,
1150 3592 1222 3651 quae
1242 3576 1282 3637 ad
1299 3579 1483 3637 Romanam
1504 3578 1686 3637 Ecclesiam
1702 3594 1777 3638 nos·

132 3671 221 3747 gato,
237 3670 389 3742 salutem,
406 3671 467 3731 etc.
981 3675 1101 3735 cuntur
1127 3673 1319 3749 specialiter
1344 3675 1522 3749 pertinere.
1556 3675 1773 3750 conqueren-

173 3768 265 3829 Licst
280 3784 299 3827 a
312 3767 501 3842 cognitione
516 3782 626 3827 cansae
639 3782 711 3842 quae
726 3765 927 3827 intervene-
980 3769 1070 3831 tibus
1085 3786 1166 3831 sane
1178 3770 1309 3831 dilectis
1324 3769 1403 3829 liliis
1418 3770 1548 3842 abbate,
1562 3773 1595 3831 et
1608 3772 1775 3833 conventu

130 3862 254 3925 nabiles
265 3864 384 3925 iratres
396 3864 526 3925 nostros
541 3862 781 3923 bituricensem
797 3858 924 3940 [Giral-
980 3864 1176 3925 monasterii
1192 3866 1224 3925 S.
1246 3864 1380 3939 Georgii
1401 3865 1539 3941 majoris
1556 3865 1597 3925 de
1611 3864 1772 3937 venetiis,

133 3959 415 4038 dumdeGrosiet
433 3960 680 4035 Burdegalense
700 3957 925 4037 [uuillelmum
980 3961 1076 4023 nobis
1098 3959 1263 4034 innotuit,
1293 3961 1378 4038 quod
1408 3978 1483 4022 cum
1510 3978 1571 4024 vos
1597 3978 1702 4039 usque
1730 3964 1772 4022 ad

132 4055 305 4133 Amanevi]
346 4056 613 4131 archiepiscopos
624 4070 724 4131 super
737 4055 925 4118 turbatione
979 4060 1130 4135 tempus,
1160 4075 1225 4136 quo
1253 4058 1458 4119 declaratum
1492 4058 1556 4120 luit
1580 4059 1774 4134 praedictum

132 4151 354 4229 possessionis
374 4151 548 4227 primatiae,
572 4164 611 4209 ac
630 4150 827 4225 quibusdam
848 4152 925 4212 aliis
980 4156 1217 4216 monasterium
1233 4155 1390 4216 Ecclesiae
1410 4158 1569 4216 Romanae
1583 4155 1774 4217 immediate

131 4247 284 4319 vertitur,
301 4246 427 4309 anobis
440 4244 502 4307 tibi
515 4244 701 4316 commissa,
713 4260 798 4321 quae,
815 4262 926 4323 quam·
979 4252 1051 4312 iore
1064 4250 1257 4328 subjectum,
1273 4251 1514 4314 consueveritis
1524 4251 1565 4312 ad
1581 4250 1663 4313 illud
1676 4268 1775 4315 acce-

131 4346 183 4406 vis
199 4360 218 4405 a
234 4344 342 4421 longis
362 4346 452 4406 retro
474 4341 678 4420 temporibus
703 4342 838 4403 tractari
853 4359 924 4403 coe·
979 4347 1109 4418 cedere,
1137 4346 1179 4407 ad
1201 4347 1378 4424 exsequias
1400 4348 1612 4412 morientium
1639 4350 1774 4411 inritati

132 4442 218 4520 perii
231 4440 290 4521 (1),
307 4442 453 4503 nondum
465 4443 576 4503 tamen
593 4441 699 4516 potuit
712 4456 816 4517 usque
830 4440 871 4500 ad
887 4438 926 4509 li·
979 4442 1187 4522 postmodum
1213 4445 1309 4520 quasi
1338 4460 1383 4506 ex
1405 4445 1631 4507 declaratione
1654 4447 1774 4523 hujus-

131 4540 174 4603 tis
202 4540 476 4601 contestationem
503 4538 651 4614 perduci,
683 4554 725 4598 ne
750 4538 925 4600 occasione
979 4540 1257 4603 modiraucorem
1281 4544 1499 4621 conceperitis
1520 4560 1600 4619 erga
1621 4558 1690 4615 eos,
1715 4543 1771 4605 ri-

131 4638 321 4713 hujusmodi
332 4640 443 4713 tepere
456 4636 545 4697 circa
554 4635 820 4712 prosecutionem
831 4636 926 4712 prin·
979 4639 1101 4703 delicet
1123 4640 1299 4715 praeiatum
1320 4642 1561 4704 monasterium
1595 4641 1773 4703 deterioris

131 4736 249 4811 cipalis
263 4734 388 4811 negotii
411 4732 588 4810 cogereris,
610 4732 757 4794 eximere
771 4734 804 4794 te
823 4732 925 4795 velle·
979 4737 1180 4800 conditionis
1204 4752 1278 4799 asse
1302 4737 1432 4811 debeat,
1452 4756 1512 4817 pro
1536 4754 1587 4811 eo,
1612 4738 1699 4816 quod
1722 4740 1773 4801 est

129 4850 220 4907 mus;
238 4834 314 4910 quia
333 4834 445 4894 tamen
459 4832 570 4909 partes
585 4832 620 4893 in
638 4832 700 4892 hoc
715 4830 757 4893 ad
772 4830 923 4893 ultimum
979 4834 1289 4912 sedisapostolicae
1310 4836 1467 4913 speciale,
1483 4852 1590 4913 neque
1608 4852 1669 4897 ros
1691 4834 1773 4897 illue

130 4932 369 5003 convenerunt,
384 4931 486 4991 uteas
500 4928 541 4990 ad
555 4930 770 4991 teremittere
784 4928 923 5014 debere·
977 4946 1038 5007 pro
1067 4932 1236 5007 exsequiis
1262 4930 1493 4992 detunctorum
1512 4931 1683 5003 acceditis,
1708 4948 1771 4993 neo

128 5046 213 5101 mus,
231 5026 425 5091 discretioni
437 5032 502 5089 tuae
522 5042 582 5104 per
595 5026 782 5103 apostolica
799 5025 922 5103 scripta
978 5028 1027 5088 ire
1051 5028 1138 5089 allos
1165 5028 1340 5089 sustinetis
1360 5030 1476 5089 contra
1496 5028 1769 5093 consuetudinem

72 5168 81 5183 .
127 5127 336 5197 mandamus,
365 5126 538 5202 quatenus,
573 5124 752 5185 securitate
782 5140 922 5200 regnum
977 5126 1170 5202 antiquam,
1195 5125 1229 5187 et
1250 5124 1461 5187 observatam
1488 5124 1673 5200 hactenus,
1709 5145 1770 5204 pro

126 5224 274 5287 intrandi
290 5226 322 5286 et
336 5224 371 5285 ln
385 5220 529 5284 eo'licite
545 5222 769 5282 commorandi
784 5221 922 5298 praelato
975 5222 1088 5284 vestro
1111 5222 1251 5283 arbitrio
1275 5222 1440 5283 veniendo
1464 5222 1498 5282 in
1523 5239 1590 5284 non
1605 5226 1769 5285 modicam

125 5321 364 5399 Burdegalensi
384 5319 635 5395 archiepiscopo
657 5318 865 5380 ecarissimo
886 5318 921 5379 in
977 5320 1147 5397 injuriam,
1165 5322 1198 5382 et
1216 5336 1318 5396 grave
1340 5320 1550 5397 dispendium
1574 5322 1769 5385 monasterii

126 5420 258 5482 Christo
285 5420 354 5479 lilio
381 5420 495 5479 nostro
511 5418 547 5476 L.
563 5432 642 5492 rege
660 5419 864 5479 Francorum
878 5417 922 5477 il·
976 5418 1162 5480 memorati.
1175 5419 1256 5477 Cum
1267 5417 1377 5477 autem
1392 5420 1506 5480 nostra
1521 5420 1653 5481 intersit
1664 5420 1770 5495 ipsius

124 5578 254 5720 linivi?
265 5574 507 5706 t{effigians-eodem
523 5574 558 5634 de
575 5576 692 5651 negotio
711 5584 805 5635 actum
827 5575 879 5633 mu
899 5576 969 5635 ullas
986 5576 1015 5633 in
1032 5576 1162 5651 epistolis
1181 5575 1244 5634 libri
1258 5577 1335 5649 Vlll,
1351 5578 1406 5636 eol.
1422 5578 1554 5647 ill-llil,
1572 5585 1602 5635 et
1614 5576 1771 5634 novissimo
