4217 6400
131 366 190 427 117
751 359 980 422 EPISTOLAE.
1004 359 1084 418 LIB.
1106 359 1147 418 X.
1189 367 1192 380 ’
1716 361 1775 422 118

129 522 344 602 supplicasti,
358 521 405 596 ut,
423 538 500 586 cum
513 519 705 598 adimpletio
725 519 923 598 promissio·
976 517 1205 594 Apostolicum
1223 519 1394 596 revocar13
1415 535 1492 581 cum
1504 535 1606 596 super
1618 518 1682 582 boe
1694 535 1781 598 pro·-¹

129 623 196 694 nis,
213 638 279 698 qua
293 621 350 682 diu
366 620 443 682 ante
455 621 643 697 captionem
658 619 747 681 tuam
760 618 795 679 te
807 617 924 680 solem·
977 615 1151 692 ponerent,
1167 631 1187 676 a
1202 616 1301 691 longo
1320 618 1470 694 tempore
1490 617 1655 679 inutiliter
1674 617 1774 678 labo·-

129 720 220 782 niter
234 719 401 794 obligaras
416 719 458 779 ad
471 717 658 779 subsidium
668 719 779 778 Terrae
794 715 924 777 Sanctae
977 715 1104 788 ratum3
1123 729 1184 774 nos
1203 714 1352 777 volentes
1372 715 1522 791 partibus
1545 716 1581 776 in
1603 714 1775 777 laboribus

129 816 308 893 magnifice
336 815 616 891 impendendum,
642 829 704 891 per
725 813 790 875 boc
817 813 925 888 impe-
978 825 1128 888 parcere,
1147 827 1187 874 ac
1204 811 1371 889 expensis,
1388 812 1573 874 venerabili
1592 810 1776 874 iratrinos·

130 915 242 976 diatur
263 913 397 974 omnino
417 911 451 974 et
474 912 571 974 dictae
592 911 743 989 pecuniae
758 910 925 987 quantitas
977 909 1030 970 tro
1063 908 1220 970 Vaciensi
1255 909 1427 986 episcopo,
1464 909 1497 971 et
1529 909 1668 985 collegis
1703 909 1774 970 suis

129 1013 205 1075 tuas
219 1010 394 1072 facultates
406 1009 556 1084 excedat,
569 1025 608 1070 ac
623 1025 682 1087 per
694 1008 758 1070 boc
770 1007 924 1084 compelli
980 1005 1185 1082 scripsimus,
1203 1005 1255 1074 ut,
1275 1007 1305 1066 si
1319 1007 1360 1066 ad
1376 1006 1568 1068 mandatum
1583 1022 1698 1068 eorum
1711 1009 1773 1084 ju·

129 1123 198 1170 non
220 1107 342 1170 debeas
366 1106 408 1168 ad
435 1107 634 1168 solutionem
656 1106 822 1182 ejusdem,
849 1120 925 1166 cum
979 1103 1081 1175 dicae,
1099 1103 1217 1180 quibus
1242 1104 1442 1180 quaestiones
1467 1103 1656 1181 hujusmodi
1679 1103 1773 1180 prius
1861 1183 1866 1188 .

129 1221 228 1267 nemo
240 1205 282 1266 ad
293 1203 500 1281 impossibile
514 1204 559 1265 sit
574 1203 753 1279 cogendus,
770 1203 925 1279 idemque
979 1201 1164 1262 commissae
1180 1200 1322 1272 fuerant,
1340 1217 1445 1278 usque
1461 1201 1502 1261 ad
1522 1201 1649 1262 certum
1663 1199 1775 1262 termi-

124 1304 354 1381 J'uramentum
371 1317 393 1363 a
415 1303 448 1363 te
468 1300 570 1363 fuerit
587 1315 647 1377 per
661 1303 785 1362 metum
800 1299 840 1376 et
854 1300 923 1361 vim
979 1313 1059 1357 num
1075 1297 1220 1360 finaliter
1230 1314 1297 1359 uon
1308 1297 1525 1374 procederent
1538 1299 1636 1373 juxta
1648 1296 1774 1358 formas

127 1399 342 1462 manifestam
352 1399 528 1471 extortum,
542 1414 583 1459 ac
597 1413 657 1475 per
668 1398 732 1460 boc
747 1397 788 1458 ad
802 1397 923 1458 obser·-
979 1394 1044 1454 sibi
1079 1395 1218 1456 traditas
1251 1394 1286 1454 in
1322 1394 1468 1469 eisdem;
1499 1394 1565 1470 ipsi
1595 1393 1656 1454 sub
1684 1394 1776 1455 certa

128 1498 299 1562 rationem
316 1511 386 1558 non
408 1496 555 1559 tenearis
580 1495 744 1572 ejusdem,
763 1510 838 1556 cum
863 1509 923 1567 ea,
979 1489 1097 1562 forma,
1119 1507 1217 1567 quam
1235 1491 1284 1552 eis
1306 1491 1468 1562 dedimus,
1484 1490 1520 1550 in
1534 1489 1676 1564 negotiis
1691 1504 1775 1566 pro-

128 1611 203 1672 quae
224 1595 276 1656 ris
297 1595 445 1655 metusve
465 1592 676 1664 causatlunt,
699 1607 767 1652 non
781 1591 925 1652 debeant
979 1587 1146 1660 cedentes,
1172 1587 1214 1648 ad
1236 1603 1298 1647 nos
1322 1588 1457 1648 easdem
1487 1586 1693 1648 sufficienter
1715 1585 1774 1646 in-

128 1706 204 1752 esse
216 1692 300 1761 rata,
315 1689 489 1765 dictusque
501 1704 612 1750 comes
624 1689 659 1750 te
676 1688 839 1763 capiendo
854 1687 927 1749 rin·
980 1685 1122 1746 structas
1147 1683 1316 1744 remittere
1340 1683 1570 1761 procurarent.
1602 1682 1774 1744 Prioribus

130 1786 243 1850 culum
268 1786 440 1847 fidelitatis
465 1784 646 1861 abruperit,
677 1787 812 1860 propter
837 1783 925 1859 quod
980 1781 1084 1856 igitur
1100 1780 1270 1858 judicibus
1293 1797 1361 1841 non
1383 1779 1659 1857 procedentibus,
1687 1779 1776 1840 intra

129 1884 229 1946 tidem
242 1898 376 1944 serrare
388 1898 456 1943 non
468 1881 593 1944 teneris
605 1879 724 1952 eidem,
739 1895 813 1941 cum
827 1878 925 1940 fidem
982 1879 1158 1939 terminum
1172 1875 1440 1954 aposterioribus
1449 1875 1776 1952 assignatumiidem
1853 1953 1857 1960 .

129 1995 198 2043 non
213 1980 361 2042 servanti
376 1979 459 2040 tides
473 1993 540 2039 non
555 1977 674 2040 debeat
687 1977 869 2049 observari,
891 1977 926 2039 te
980 1976 1181 2052 posteriores
1196 1975 1350 2050 exigente
1370 1974 1508 2036 alterius
1527 1974 1631 2050 partis
1656 1975 1776 2036 contu-

129 2094 151 2139 a
167 2077 327 2153 praedicto
342 2077 534 2153 Juramento
557 2075 600 2136 ad
619 2075 785 2136 cautelam
808 2074 924 2136 absol·
982 2072 1105 2145 macta,
1130 2088 1204 2134 cum
1217 2072 1271 2144 lis,
1297 2071 1383 2134 sicut
1397 2071 1591 2148 praedictum
1612 2071 1672 2143 est,
1688 2086 1773 2132 con-

129 2191 210 2236 rere
227 2174 454 2250 dignaremur.
472 2174 542 2234 Nos
561 2172 665 2248 igitur
678 2172 813 2250 propter
832 2187 925 2248 prae-
979 2169 1101 2232 testata
1133 2169 1273 2240 suisset,
1308 2168 1350 2229 ad
1386 2168 1609 2244 receptionem
1640 2168 1776 2230 testium

129 2270 320 2347 assignatas
337 2285 457 2332 causas
480 2269 513 2331 et
534 2269 612 2346 quia
631 2269 826 2346 prophetica
842 2283 926 2330 voce
980 2265 1177 2327 monasterii
1201 2265 1428 2343 procedentes,
1446 2277 1580 2326 causam
1595 2265 1636 2325 ad
1657 2263 1777 2326 sedem

129 2383 305 2430 monemur
316 2367 500 2429 dissolvere
510 2365 926 2442 colligationesimpietatis
979 2363 1204 2440 Apostolicam
1228 2362 1388 2423 remisere
1412 2360 1549 2438 praefixo
1567 2360 1669 2440 justo,
1688 2359 1777 2438 quod

129 2466 164 2528 et
177 2465 356 2526 fasciculos
373 2464 596 2542 deprimentes
611 2478 651 2524 ac
665 2463 832 2525 dimittere
846 2477 924 2534 eos,
980 2460 1029 2522 eis
1050 2460 1300 2532 mandavimus,
1330 2459 1420 2522 certo
1444 2459 1586 2521 termino
1610 2458 1775 2535 partibus,

129 2562 187 2639 qui
210 2561 371 2623 contracti
393 2561 481 2633 sunt,
508 2561 634 2622 liberos
658 2561 692 2622 et
717 2575 802 2622 onus
828 2575 926 2621 omne
980 2574 1045 2634 quo
1066 2574 1126 2634 per
1150 2575 1185 2619 se
1212 2557 1266 2619 vel
1287 2558 1520 2633 procuratores
1541 2555 1679 2616 idoneos
1701 2572 1776 2617 cum

130 2659 350 2735 disrumpere,
365 2659 399 2720 te
413 2657 635 2733 ajuramento
651 2656 855 2718 absolvimus
876 2656 926 2715 sic
980 2654 1133 2716 omnibus
1152 2654 1385 2716 instrumentis
1400 2655 1433 2715 et
1446 2652 1633 2715 rationibus
1654 2653 1725 2713 suis
1739 2652 1776 2713 in

129 2755 260 2818 extorto
286 2756 319 2816 et
338 2755 428 2816 omni
451 2769 506 2826 eo,
523 2754 610 2831 quod
630 2769 674 2814 ex
688 2753 762 2830 ipso
777 2752 927 2814 noscitur
981 2753 1095 2814 nostra
1109 2753 1288 2828 praesentia
1304 2750 1544 2828 comparerent.
1568 2751 1650 2812 Dato
1662 2749 1777 2828 itaque

132 2868 207 2914 esse
222 2851 384 2920 secutum,
407 2867 482 2913 cum
497 2851 724 2927 juramentum
739 2849 926 2925 iniquitatis
980 2864 1082 2926 super
1093 2849 1188 2911 hoca
1205 2848 1497 2911 nobisvenerabili
1509 2847 1611 2910 tratre
1622 2847 1774 2908 nostro...

131 2947 304 3012 vinculum
318 2963 393 3009 esse
408 2963 475 3008 non
490 2946 618 3019 debeat,
639 2947 697 3008 sed
713 2947 853 3023 justitiae
868 2947 928 3007 dn-
979 2939 1163 3008 Albanensi
1182 2947 1338 3024 episcopo
1357 2945 1519 3016 auditore,
1544 2959 1583 3006 ac
1602 2958 1715 3006 coram
1735 2959 1777 3006 eo

131 3044 928 3121 mamentum.inhujusautemabsolutionistes·
980 3044 1197 3122 procuratore
1229 3044 1440 3120 comparente
1467 3043 1673 3113 monasterii,
1697 3051 1776 3118 pars

131 3143 308 3206 timonium
322 3142 508 3219 praesentes
531 3143 661 3205 litteras
676 3143 744 3204 tuae
758 3141 926 3204 devotioni
981 3141 1124 3205 aduersa
1142 3157 1210 3204 non
1236 3141 1339 3214 venit,
1363 3156 1425 3203 nec
1447 3141 1696 3217 procuratorem
1715 3155 1776 3217 pro

133 3241 290 3301 duximus
318 3239 560 3302 concedendas.
593 3241 712 3301 Datum
744 3240 920 3312 Laterani,
981 3255 1018 3302 se
1041 3240 1201 3301 idoneum
1218 3239 1409 3312 destinavit,
1423 3240 1497 3316 post
1511 3238 1691 3300 terminum
1705 3237 1780 3298 diu-

132 3340 177 3400 vt
196 3337 265 3399 kal.
283 3336 363 3414 julii
366 3378 427 3397 .....
980 3337 1048 3399 tius
1074 3336 1288 3413 exspectata3
1317 3336 1358 3397 ob
1385 3339 1480 3413 cujus
1509 3336 1672 3397 delectum
1708 3348 1777 3397 non

981 3434 1089 3511 potuit
1102 3434 1272 3509 negotium
1287 3433 1472 3501 terminari,
1486 3432 1566 3495 licet
1578 3433 1685 3493 dictus
1698 3448 1779 3509 pro-

982 3532 1117 3593 curator
1138 3531 1268 3615 diceret
1287 3546 1423 3593 causam
1449 3546 1545 3591 suam
1569 3545 1629 3607 per
1653 3530 1773 3601 testes,

982 3632 1015 3694 et
1036 3630 1212 3707 privilegia
1230 3630 1263 3691 et
1285 3628 1353 3690 alia
1374 3628 1590 3697 munimenta,
1606 3642 1678 3703 quae
1696 3642 1777 3703 pro-

452 3576 605 3663 CLXXI

130 3731 183 3790 Ad
205 3730 247 3789 dc
267 3730 328 3789 Bel
346 3742 387 3788 cc
410 3729 451 3788 de
477 3726 611 3788 Wcrtes
633 3725 783 3792 abbates,
806 3724 842 3785 et
865 3738 928 3785 cr-

168 3827 412 3886 cbidtuconum-
434 3826 476 3885 de
502 3824 628 3884 Sancto
649 3826 801 3894 Arrdrca,
828 3826 926 3884 Wes-

167 3924 372 3994 pameneae
399 3923 564 3983 dioeceats.

435 4057 452 4111 t
466 4056 529 4130 julii
547 4056 625 4113 1226.

217 4178 308 4241 [Fejer.
326 4177 386 4228 Cod.
405 4177 512 4242 diplom.
527 4177 672 4239 Hungarite,
687 4178 731 4237 111,
747 4193 775 4237 u,
792 4178 844 4243 8ὅ.]

134 4302 337 4361 [incentionem
357 4302 507 4360 sententiae
530 4308 629 4359 contra
648 4303 815 4374 episcopum
834 4310 862 4359 et
876 4318 926 4360 ea·

166 4391 287 4465 pitulum
301 4390 505 4465 Zagrabiense‚
526 4391 555 4447 in
569 4405 657 4447 causa
673 4390 859 4460 decimarum,
876 4406 928 4463 pro

169 4479 271 4537 abbate
291 4481 396 4537 montis
413 4480 581 4549 Pannonia,
594 4480 678 4537 novis
691 4478 832 4554 delegatis
846 4494 926 4539 com·

169 4570 264 4625 mittit.

172 4705 350 4777 Honorius,
361 4706 436 4775 etc,
450 4703 490 4765 de
504 4704 613 4777 Bel...,
627 4704 667 4766 de
677 4708 809 4767 Wertes
824 4704 928 4766 abba-

131 4800 232 4873 tibus,
248 4804 282 4863 et
294 4802 530 4863 archidiacono
547 4803 667 4864 Sancto
678 4802 822 4876 andrea,
833 4805 928 4863 Wes-

981 3728 1078 3790 duxit
1098 3728 1132 3787 in
1153 3726 1309 3798 medium,
1333 3724 1537 3787 sufficienter
1562 3725 1774 3797 instructam,

981 3826 1016 3886 et
1032 3825 1160 3903 peteret
1169 3824 1210 3885 ad
1224 3822 1387 3885 calculum
1406 3822 1579 3883 sententiae
1595 3820 1775 3882 definitivae

981 3922 1128 3999 procedi,
1143 3922 1197 3983 vel
1211 3920 1328 3982 saltem
1344 3920 1471 3997 partem
1491 3935 1585 3979 suam
1604 3919 1639 3979 in
1654 3933 1775 3995 corpo-

981 4020 1086 4081 ralem
1112 4018 1357 4095 possessionem
1379 4034 1491 4079 rerum
1513 4017 1691 4093 petitarum
1715 4016 1774 4077 in-

978 4118 1069 4185 duci,
1090 4118 1122 4179 et
1138 4117 1305 4178 inductam
1328 4116 1364 4176 in
1380 4116 1451 4192 ipsa
1467 4114 1616 4189 defendi3
1640 4115 1776 4176 tandem

982 4216 1113 4292 petente
1127 4214 1344 4290 procuratore
1357 4212 1515 4288 praedicto
1538 4212 1665 4287 partem
1690 4211 1777 4273 alte·

981 4327 1055 4373 ram
1079 4311 1214 4386 propter
1232 4308 1396 4370 deiectum
1411 4308 1517 4385 ipsius
1532 4308 1567 4369 in
1588 4308 1776 4385 expensisa

982 4406 1184 4469 monasterio
1206 4406 1303 4469 iactis
1320 4407 1544 4479 condemnari,
1567 4422 1649 4483 quas
1669 4406 1777 4467 dictus

983 4505 1180 4583 procurator
1201 4506 1333 4567 centum
1364 4505 1532 4580 octoginta
1557 4518 1686 4564 marcas
1715 4517 1776 4563 ar-

982 4604 1075 4681 genti
1090 4606 1122 4665 et
1137 4604 1279 4680 amplius
1295 4601 1500 4676 aestimabat3
1522 4601 1630 4663 dietus
1652 4602 1779 4679 episco·
1865 4660 1867 4665 .

983 4718 1044 4779 pus
1059 4703 1231 4764 taxatione
1243 4701 1416 4778 praemissa
1428 4700 1659 4777 etjuramento
1678 4716 1778 4776 super

982 4800 1045 4861 boc
1076 4799 1266 4861 abeodem
1300 4799 1517 4875 procuratore
1553 4802 1706 4872 recepto,
1741 4798 1777 4859 in

132 4898 323 4975 primiensis
337 4898 503 4970 dioecesis,
520 4898 583 4959 etc.
983 4897 1159 4973 sexaginta
1183 4896 1305 4957 marcis
1325 4895 1456 4971 argenti
1478 4908 1700 4970 expensarum
1720 4908 1778 4955 no-

172 4994 364 5056 Petentibus
385 4994 507 5054 dudum
528 4994 659 5055 dilectis
674 4994 791 5056 liliis...
808 4994 927 5057 abbate
981 4995 1073 5055 mine
1104 4994 1347 5055 condemnavit
1381 4992 1544 5063 Quocirca
1567 4992 1775 5065 mandamus,

131 5095 165 5155 et
184 5096 349 5154 conventu
370 5094 564 5153 monasterii
592 5094 705 5154 Sancti
730 5094 868 5156 Martini
886 5094 927 5155 de
982 5092 1146 5169 quatenus
1152 5091 1196 5169 ad
1209 5091 1408 5151 solutionem
1419 5104 1641 5165 expensarum
1658 5090 1778 5169 hujus-

131 5190 305 5252 Pannouia
327 5189 550 5268 quaestiones,
572 5206 655 5267 quas
681 5206 782 5266 super
813 5191 926 5252 eccle·
981 5189 1082 5257 modi,
1097 5188 1272 5264 sexaginta
1287 5202 1476 5248 marcarum
1492 5186 1777 5256 videlicetdiotos

130 5288 202 5361 sila,
227 5288 376 5360 decimis
402 5287 436 5349 et
461 5287 561 5348 rebus
580 5289 658 5349 aliis
678 5289 713 5348 in
734 5289 926 5365 simigiensi
977 5280 1184 5363 episcopum,
1195 5287 1227 5347 et
1240 5285 1422 5361 capitulum
1434 5286 1632 5346 auctoritate
1646 5288 1773 5353 nostra,

130 5384 289 5448 comitatu
310 5386 426 5447 contra
444 5385 672 5446 venerabilem
691 5385 829 5448 fratrem
843 5402 926 5447 nos·
981 5384 1110 5446 sublato
1134 5383 1368 5460 appellationis
1391 5380 1573 5455 obstaculo,
1590 5383 1777 5458 compella-

128 5486 255 5544 trum...
267 5482 501 5559 episcopumet
510 5483 692 5558 capitulum
703 5482 926 5559 Zagrabiense
980 5483 1044 5557 tis;
1068 5481 1210 5545 citantes
1221 5479 1428 5556 postmodum
1439 5480 1551 5556 partes
1571 5480 1612 5540 ad
1628 5480 1776 5549 nostram

129 5580 312 5652 habebant,
338 5595 440 5657 super
460 5580 581 5657 quibus
593 5581 745 5657 tempore
757 5582 926 5658 generalis
980 5579 1204 5657 praesentiam,
1219 5576 1252 5638 et
1266 5576 1456 5653 proximum
1466 5578 1641 5640 venturum
1655 5574 1776 5637 festum

129 5678 270 5740 Genucilii
292 5678 336 5738 lis
362 5676 472 5740 luerat
499 5678 695 5748 contestata,
716 5679 757 5739 ad
784 5694 925 5741 examen
980 5676 1174 5740 Natiuitatis
1209 5674 1389 5738 Dominicaa
1419 5674 1595 5736 terminum
1623 5672 1672 5734 eis
1700 5688 1778 5752 per-
