4217 6400
135 307 194 368 119
748 305 977 367 EPISTOLAE.
1005 305 1085 366 LIB.
1107 306 1164 366 XI.
1718 309 1779 371 loo

131 461 470 545 clerico'praeoeptum
487 465 686 544 receperunt
698 464 925 542 apostolicum
980 464 1015 527 ln
1035 464 1156 542 quibus
1176 461 1409 526 continebatur
1424 462 1464 528 de
1479 461 1658 528 donatione
1668 466 1778 531 tertiae

130 565 366 638 nonobstante,
378 564 654 642 ipsumineadem
666 563 925 640 ecclesia,J‘uxta
979 562 1084 638 pariis
1106 563 1228 639 Lyonae
1248 563 1282 623 et
1300 562 1427 635 Lettiee,
1449 578 1548 640 quam
1573 564 1777 628 venerabilis

130 663 230 740 primi
242 662 389 724 mandati
402 663 509 725 nostri
521 665 671 724 tenorem
684 661 801 738 recipi,
815 664 848 721 et
862 660 926 721 ira·
980 659 1085 721 irater
1112 661 1227 720 noster
1249 659 1420 730 Alhertus,
1444 661 1654 722 livoniensis
1685 664 1778 740 epis-

130 761 226 822 11111
247 759 379 822 faciatis
400 761 539 822 caritate
553 760 703 822 tractari.
726 758 924 820 contradic·
980 772 1093 834 copus,
1115 756 1240 818 iecerat
1261 758 1419 832 magistro
1444 758 1573 820 militIae
1598 759 1721 821 Christi
1745 761 1779 824 et

129 858 234 929 tores,
250 860 313 918 etc.
337 859 558 919 Decernentes
574 857 707 919 irritum
720 857 755 918 et
768 857 878 928 inane,
896 857 925 915 si
980 854 1139 915 tratribus
1170 855 1255 927 suis,
1286 870 1385 932 super
1409 855 1643 932 jurisdictione
1669 858 1776 934 ipsius

131 955 210 1033 qnid
239 956 315 1032 post
348 955 604 1034 appellationem
629 955 672 1016 ad
699 969 761 1016 nos
789 970 809 1015 a
837 955 924 1016 dicto
978 953 1087 1013 tertiae
1101 953 1218 1029 partis,
1235 952 1324 1013 inter
1337 952 1529 1028 praedictum
1542 954 1733 1032 episcopum
1744 957 1778 1019 et

130 1051 254 1113 clerico
273 1052 504 1129 interpositam
525 1053 566 1115 de
588 1051 766 1130 praebenda
789 1052 862 1129 ipsa
883 1050 925 1112 ab
978 1049 1176 1125 magletrum
1203 1049 1299 1111 dictae
1322 1050 1452 1112 militiae
1477 1050 1637 1114 dubitatio
1661 1056 1776 1116 uerte-

129 1148 256 1210 eisdem
285 1151 407 1227 priore,
433 1151 466 1236 et
488 1151 649 1228 capitulo,
673 1150 728 1212 rel
753 1166 774 1211 a
799 1149 924 1212 decano
978 1146 1086 1207 hatur.
1103 1145 1266 1208 Praelatus
1282 1147 1457 1224 episcopus
1479 1163 1579 1224 super
1596 1147 1650 1210 his
1671 1149 1779 1213 Inter-

126 1247 343 1323 Vastignensi
362 1249 396 1309 et
414 1249 487 1324 ejus
501 1248 639 1324 collegis
663 1248 841 1310 occasione
863 1246 923 1309 lit·
978 1244 1115 1320 rogatus
1129 1243 1310 1321 respondit,
1325 1243 1438 1305 dicens
1456 1261 1463 1304 :
1481 1245 1568 1322 quod
1588 1247 1617 1306 si
1640 1245 1680 1306 de
1699 1263 1780 1324 per-

126 1345 288 1416 terarum,
312 1359 394 1421 quas
409 1346 451 1405 ad
466 1360 524 1406 eos
541 1345 643 1406 iidem
664 1344 757 1422 prior
775 1345 809 1406 et
826 1344 925 1422 capi·
979 1357 1061 1402 sona
1070 1341 1220 1417 magistri
1230 1342 1632 1419 querimoniafieret,ipse
1641 1343 1779 1407 deberet

125 1439 234 1503 tulum
260 1458 362 1519 super
385 1444 543 1519 expensis
570 1459 671 1519 super
693 1443 757 1504 hoc
780 1442 877 1504 sactis
903 1457 924 1504 a
978 1437 1040 1498 sub
1050 1439 1204 1515 episcopo
1215 1439 1427 1515 respondere,
1440 1441 1474 1502 et
1483 1439 1597 1500 clerici
1608 1439 1773 1516 magistri,

126 1539 249 1600 dilecto
262 1540 453 1601 tilionostro
464 1543 517 1612 R„
531 1540 643 1601 Sancti
652 1540 771 1616 Angeli
784 1540 924 1601 diacono
978 1538 1215 1613 cujuscumque
1225 1537 1398 1612 religionis
1411 1537 1488 1608 sint,
1498 1538 1533 1597 in
1545 1538 1777 1614 spiritualibus

124 1636 303 1709 cardinali,
328 1636 527 1713 apostolicae
552 1637 647 1698 SedIs
670 1638 796 1714 legato,
817 1638 924 1714 impe-
978 1633 1775 1711 dehentsuhipsoepiscoporespondere.Fratres

124 1735 237 1796 tressa
265 1734 422 1796 dicuntur
443 1736 560 1796 contra
586 1735 738 1796 eumdem
763 1735 923 1796 clericum
978 1732 1088 1792 autem
1108 1732 1310 1808 respondere
1328 1730 1449 1793 dehent
1466 1733 1693 1794 tantummodo
1709 1731 1772 1794 snb

123 1831 463 1893 inueneritistemere
477 1832 685 1894 attentatum.
703 1833 814 1894 Nullis
828 1832 921 1895 litte-
978 1829 1149 1905 magistro.
1180 1829 1338 1890 Homines
1371 1830 1488 1901 etiam,
1519 1829 1707 1892 habitantes
1737 1831 1773 1891 in

124 1928 187 1998 ris,
199 1929 262 1989 etc.
278 1929 398 1990 Datum
409 1930 577 2002 Laterani,
586 1932 631 1992 vl
640 1929 716 1991 idus
726 1930 921 2003 decembris,
977 1925 1077 1987 tertia
1107 1926 1201 2002 parte
1229 1927 1398 2002 magistri,
1427 1926 1488 1987 sub
1516 1928 1588 2004 ipso
1614 1928 1777 2004 magistro

127 2041 218 2086 anno
232 2026 417 2088 undecimo.
978 2023 1098 2084 debent
1112 2023 1317 2086 solummodo
1332 2023 1546 2100 respondere,
1572 2026 1619 2086 ita
1644 2025 1730 2102 quod
1755 2041 1776 2086 a

977 2121 1155 2182 diffinitiva
1166 2121 1342 2195 sententia,
1358 2121 1387 2182 si
1398 2123 1576 2195 voluerint,
1593 2123 1721 2200 possint
1733 2121 1775 2183 ad

167 2399 219 2458 Ad
232 2398 366 2472 notras
382 2399 517 2461 militina
531 2400 660 2461 Christi
673 2401 711 2461 ia
723 2401 881 2460 livonia.

389 2539 424 2595 10
435 2536 564 2596 decemb.
582 2539 662 2596 1116.

158 2659 254 2724 [blitth.
270 2674 294 2711 1.
311 2660 336 2711 d.
352 2660 811 2720 (111111.111-Ε11-1-1111111111,11111,
825 2661 891 2726 lae]

977 2219 1129 2279 eumdem
1141 2219 1330 2296 eplecopum
1342 2219 1774 2295 appellare.0mnesautem
1866 2245 1870 2254 “

977 2315 1170 2391 spirituales
1184 2331 1294 2376 causae
1310 2315 1430 2377 debent
1445 2332 1505 2393 per
1517 2318 1625 2393 ipsum
1638 2317 1773 2394 episco-

977 2428 1055 2488 pum
1080 2412 1230 2473 diffiniri.
1257 2415 1364 2489 Super
1387 2413 1506 2489 quihus
1531 2415 1770 2491 interrogatae,

976 2511 1136 2586 magister
1150 2510 1382 2587 respondebat,
1400 2509 1434 2571 in
1450 2511 1603 2572 omnihus
1622 2513 1669 2573 iia
1685 2527 1771 2572 esse.

977 2609 1066 2670 Visis
1074 2607 1352 2682 igituretauditis
1360 2607 1492 2680 litteris
1503 2607 1773 2670 confessionibus

977 2707 1010 2765 et
1033 2703 1290 2780 allegationibus
1314 2705 1487 2782 utriusque
1513 2707 1629 2783 partIs,
1658 2705 1774 2768 habito

123 2784 313 2853 sententiam,
338 2799 424 2856 (lutim
448 2785 551 2842 uideret
573 2784 746 2842 Wsshtlffllss
770 2785 923 2857 episcopus
978 2801 1078 2861 etiam
1109 2802 1311 2878 sapientium
1340 2802 1498 2876 consiliu,
1520 2803 1711 2880 judicamus
1741 2803 1776 2866 et

160 2873 331 2931 Mutinensis
351 2874 425 2929 inter
437 2874 607 2944 magistrum
621 2887 721 2930 eorum
735 2881 764 2930 et
775 2873 921 2932 albertum
976 2899 1235 2974 pronunciamus
1269 2900 1306 2961 ut
1343 2913 1462 2976 supra,
1500 2899 1656 2962 videficet
1683 2899 1771 2977 quod

160 2961 328 3034 episcopum
344 2962 500 3035 lligeosem
510 2960 545 3018 do
554 2960 752 3035 jurisdictione
762 2963 922 3035 utriusque,
976 2997 1134 3072 magister
1157 2996 1356 3072 respondeat
1378 2996 1439 3057 sub
1464 2997 1631 3074 episcopo·
1653 2997 1774 3058 Clerici

160 3049 321 3108 ⁰⁰⁰fifm3‘·
975 3095 1127 3169 magistri
1143 3094 1179 3154 in
1201 3094 1430 3170 spiritualibus
1447 3095 1675 3157 tantummodo
1692 3111 1770 3155 res-

165 3176 332 3237 Honorius
343 3175 655 3253 episcopusservus
667 3180 917 3252 Servorumfleb
974 3191 1142 3268 pendeant
1169 3191 1230 3253 suh
1262 3191 1430 3269 episcopo,
1448 3192 1483 3254 et
1509 3208 1623 3254 omues
1651 3208 1772 3254 causas

124 3274 256 3335 dilectis
280 3274 360 3334 filiis
383 3276 542 3349 magistro
563 3277 597 3336 θῑ
617 3276 778 3337 fratribus
791 3278 921 3339 militi&
975 3289 1165 3366 spirituales
1187 3289 1276 3349 idem
1300 3290 1474 3367 episcopus
1496 3291 1620 3353 audiat.
1635 3292 1770 3351 Fratres

124 3372 250 3433 Christi
262 3371 297 3431 in
312 3372 463 3442 livonia,
480 3372 633 3443 83111111ῐῦ,
650 3375 715 3435 Θῑθ·
975 3387 1097 3461 autem,
1124 3387 1157 3447 et
1180 3401 1294 3447 omnes
1316 3386 1504 3448 habitantes
1526 3388 1562 3448 in
1586 3388 1680 3464 parte
1700 3402 1773 3447 ma-

164 3469 918 3546 anuaejudiciovelconcordiaterminantur‚
974 3483 1088 3559 gistri,
1115 3482 1176 3542 suh
1207 3482 1366 3559 magistro
1397 3484 1604 3545 solummodo
1630 3499 1772 3561 respon.

123 3566 222 3627 firma
236 3566 355 3629 debent
374 3569 407 3628 et
424 3567 555 3629 illibata
573 3568 755 3629 consistere
769 3572 813 3641 et,
828 3583 870 3630 ne
883 3569 920 3629 in
974 3580 1084 3651 deant,
1107 3579 1200 3641 salvo
1217 3596 1268 3652 eo,
1287 3580 1373 3657 quod
1395 3581 1545 3657 possunt,
1563 3583 1599 3644 ut
1615 3581 1770 3658 superius

122 3664 280 3725 recidivae
304 3664 526 3726 contentione
551 3666 744 3743 scrupulum
762 3665 921 3728 relaban·
974 3677 1098 3738 dictum
1114 3678 1173 3748 est,
1188 3692 1208 3737 a
1221 3677 1398 3739 diffinitiva
1416 3678 1591 3750 sententia
1609 3678 1638 3738 si
1653 3677 1771 3741 volue-

122 3760 189 3829 tur,
209 3761 400 3836 Apostolico
424 3762 581 3824 conuenit
593 3763 749 3839 praesidio
771 3780 920 3825 commu-
973 3774 1051 3846 rint,
1067 3775 1108 3835 ad
1123 3774 1315 3851 episcopum
1330 3774 1511 3851 appellare.
1523 3776 1562 3836 ut
1574 3776 1646 3835 haec
1659 3775 1771 3836 omnia

123 3857 202 3917 niri.
230 3860 424 3935 Eapropter,
447 3859 560 3920 dilecti
581 3860 655 3928 fllii,
677 3862 798 3923 vestris
817 3863 919 3939 justis
973 3871 1164 3949 Apost0lica
1179 3872 1387 3939 auctoritate,
1404 3887 1470 3949 qua
1485 3870 1665 3948 fungimur,
1680 3888 1771 3948 pree-

122 3955 404 4030 postulationihus
413 3958 509 4031 gralo
520 3960 755 4019 concurrentes
765 3974 916 4031 assensu,
973 3969 1114 4045 cipimus
1139 3968 1379 4031 inviolabiliter
1400 3969 1585 4031 observari.
1611 3971 1693 4032 nata
1720 3970 1772 4031 est

124 4050 334 4109 diffinitivam
367 4052 581 4122 Sententiam,
609 4069 708 4128 (illam
737 4072 797 4131 illo
823 4058 918 4118 vobss
973 4067 1139 4128 sententia
1156 4066 1191 4126 in
1210 4066 1768 4141 11111111111111181111111111111,

122 4144 326 4206 venerahilis
353 4146 459 4207 irater
485 4149 599 4208 noster
627 4151 693 4220 W„
720 4152 917 4214 Mutinensis
973 4180 1061 4225 anno
1092 4164 1223 4225 Domini
1258 4164 1442 4235 Mccxxv,
1476 4180 1591 4225 mense
1623 4163 1770 4241 augusti,

123 4242 311 4319 episcopus,
325 4244 524 4321 Apostolicae
538 4244 633 4305 sedis
646 4245 786 4321 legatus,
802 4251 919 4311 contra
971 4262 1048 4321 xiil
1064 4260 1255 4320 indictione,
1266 4259 1501 4332 Praesentibus,
1516 4262 1578 4323 eto.
1593 4278 1611 4322 a

122 4340 349 4403 venerabilem
384 4340 522 4403 fratrem
556 4343 707 4404 nostrum
740 4344 918 4419 Rigensem
1011 4356 1104 4417 Nulli
1119 4370 1210 4431 ergo,
1228 4356 1290 4417 eto.
1314 4357 1431 4417 Datum
1448 4358 1616 4432 Laterani,
1634 4362 1677 4423 IV
1694 4356 1770 4418 idus

122 4438 316 4515 episcopum
331 4454 432 4516 super
441 4455 493 4512 eo,
508 4440 594 4516 quod
610 4440 645 4501 iu
658 4440 751 4503 vobis
762 4442 919 4518 jurisdic·
973 4452 1168 4525 decembris,
1183 4468 1271 4515 anno
1286 4454 1473 4517 undecimo.

120 4535 247 4597 tionem
268 4551 305 4595 se
328 4535 533 4613 proponebat
558 4537 694 4609 hahere,
719 4540 918 4603 auctoritate

119 4632 300 4707 legationis
313 4648 394 4703 suae,
409 4633 550 4708 cognitIs
563 4648 673 4696 causae
688 4636 826 4708 meritis,
839 4652 919 4713 pro-

119 4729 293 4805 mulgavit,
310 4730 397 4791 sicut
417 4730 569 4806 estjusta
588 4746 651 4793 nec
669 4732 819 4809 legitima
838 4751 919 4812 pro·

118 4828 296 4889 vocatione
317 4842 490 4903 suspensa,
509 4828 708 4891 auctoritate
727 4833 917 4909 Apostolica

119 4924 355 4986 confirmamus
370 4926 404 4986 et
418 4926 592 5001 praesentis
601 4928 717 5004 scripti
730 4931 916 5005 patrocinio

119 5023 374 5083 communimus.
390 5023 438 5083 Ad
460 5026 620 5099 majorem
640 5027 752 5088 autem
770 5029 821 5089 rei
839 5030 916 5091 evi·

118 5119 277 5190 dentiam,
291 5121 441 5181 tenorem
456 5120 561 5195 ipsius
572 5124 746 5186 sententiae
761 5125 802 5186 de
813 5127 915 5189 verbo

118 5216 313 5278 adverbum
336 5217 556 5293 praesentibus
577 5218 733 5281 duximus
758 5222 915 5286 inseren-

117 5313 208 5375 dum.
225 5315 288 5388 Qui
303 5315 385 5375 talis
401 5315 451 5376 est
467 5337 475 5374 z

158 5414 311 5473 «Coram
330 5412 428 5473 nohis
449 5412 625 5487 Vilbelmo,
642 5415 756 5477 divina
768 5417 913 5479 misera-

116 5510 209 5572 tione
225 5510 407 5571 Mutinensi
421 5510 588 5587 episcopo,
603 5514 803 5589 Apostolicae
819 5517 914 5578 sedis

115 5608 239 5685 legato,
266 5624 309 5669 ex
331 5611 447 5670 tenore
473 5610 692 5686 quarumdam
712 5611 912 5688 litterarum,

1302 4676 1436 4765 XXIII

1131 4828 1183 4887 Ad
1197 4828 1393 4899 episcopum
1406 4829 1601 4901 ledrensem.

1232 4956 1266 5013 10
1278 4955 1407 5013 decemb.
1423 4956 1501 5015 1226.

1039 5078 1177 5143 [Strehlke
1192 5078 1255 5129 Tab.
1268 5078 1324 5129 ord.
1342 5078 1503 5137 Theutoniei,
1517 5078 1573 5138 230,
1591 5094 1617 5130 n.
1631 5080 1698 5148 ele]

971 5205 1089 5279 Rigeuei
1117 5206 1253 5278 episcopo
1280 5205 1433 5277 permittit,
1456 5204 1532 5277 quod
1558 5208 1724 5278 sententias,
1750 5223 1766 5265 a

1005 5294 1206 5367 Semigallensi
1221 5293 1355 5366 episcopo
1377 5294 1407 5349 111
1427 5295 1597 5367 magistrum
1617 5302 1646 5353 el
1666 5295 1767 5353 fratres

1004 5383 1112 5439 militiae
1127 5381 1230 5441 Christi
1245 5382 1327 5449 lalus,
1342 5383 1495 5454 requisitus
1505 5385 1622 5441 relaxet.

1008 5518 1187 5589 Honorius,
1204 5519 1279 5590 ete,
1293 5518 1449 5595 episcopo
1465 5520 1615 5595 Rigensi,
1631 5522 1695 5580 etc.

1008 5616 1169 5693 MagIster
1188 5617 1222 5678 et
1234 5614 1355 5679 iratres
1372 5616 1501 5679 militiae
1517 5616 1640 5678 Christi
1657 5614 1690 5678 in
1709 5617 1766 5679 Li-
