4217 6400
315 313 353 374 sl
934 309 1111 374 HONORII
1133 312 1178 373 111
1198 312 1345 374 OPERA.
1919 313 1961 374 82

316 472 481 534 insultare
503 473 618 534 contra
638 471 783 535 cultores
801 469 878 532 lldei
903 471 1109 544 orthodoxa,
1208 473 1301 534 Sicut
1315 471 1489 533 serenitati
1509 466 1576 534 t'uae
1586 474 1659 550 jam
1684 471 1853 535 multoties
1867 471 1961 536 litte-

319 569 546 646 experimento
557 569 756 644 cognoscent
766 567 865 645 quod,
879 569 942 630 etsi
952 568 1112 629 Dominus
1167 569 1215 629 ris
1240 570 1362 631 nostris
1381 569 1572 631 insinuasse
1594 570 1785 643 recolimus,
1803 571 1963 648 inspectis

316 665 445 744 fideles}
459 681 537 726 suos
563 667 696 742 propter
724 666 860 740 peccata
889 666 1035 742 ipsorum
1070 665 1111 726 ad
1167 665 1354 742 privilegiis
1379 666 1457 736 tuis,
1484 666 1610 743 liquido
1634 666 1902 738 continentibus,
1928 668 1963 729 te

316 763 595 840 tempusquadam
607 761 1008 839 confusioneperiuderit,
1022 762 1112 839 ipsos
1168 765 1291 824 terram
1304 766 1410 833 Bozae,
1428 779 1468 824 ac
1487 763 1576 824 ultra
1599 765 1729 825 Montes
1745 764 1893 836 Nivinm,
1910 765 1963 825 di-

316 860 509 940 tamenjejus
523 861 694 921 miseratio
709 863 868 937 perpetuo
883 876 950 920 non
963 858 1110 936 reliquit.
1167 860 1262 921 lectis
1288 860 1366 921 filiis
1395 860 1554 922 iratribus
1574 861 1690 921 domus
1718 861 1902 938 Hospitalis
1926 865 1961 923 S.

238 991 244 1001 ι
357 960 530 1028 Caeterum,
559 958 638 1034 qnia
666 959 745 1018 tnnc
772 961 841 1018 Deo
870 959 1007 1033 accepia
1035 956 1112 1018 sunt
1166 957 1282 1018 Mariae
1294 957 1574 1019 Tbeutonicorum
1587 959 1680 1033 regia
1691 957 1894 1020 liberalitate
1907 960 1965 1020 do·

314 1057 461 1117 humana
478 1055 627 1126 servitia,
649 1071 724 1115 cum
739 1055 780 1115 ad
802 1059 874 1132 ejus
896 1056 1057 1116 honorem
1078 1057 1113 1116 et
1166 1069 1277 1127 nasse,
1315 1056 1440 1116 terram
1464 1056 1571 1132 ipsam
1600 1055 1641 1116 ad
1668 1071 1803 1132 precum
1827 1057 1961 1118 tuarum

315 1154 448 1215 laudem
470 1151 700 1230 principaliter
713 1151 918 1223 reseruntur,
933 1153 1110 1214 discretio·
1166 1151 1387 1212 constantiam
1406 1150 1467 1211 sub
1490 1151 1689 1227 apostoncae
1712 1152 1807 1212 Sedis
1827 1155 1962 1229 protec-

315 1267 393 1312 nem
417 1253 507 1312 tuam
526 1250 770 1311 sollicitandam
797 1250 954 1310 duximus
982 1251 1015 1310 et
1034 1266 1110 1310 mo·
1165 1247 1256 1307 tione
1268 1248 1484 1323 suscepimus,
1504 1262 1642 1324 eamque
1659 1247 1813 1310 libertate
1831 1248 1964 1310 dotavi·

290 1405 293 1410 .
315 1349 469 1421 nendam,
486 1363 546 1425 per
568 1347 758 1423 Apostolica
784 1347 844 1408 tibi
870 1347 994 1424 scripta
1013 1363 1111 1408 man·
1166 1359 1240 1404 mus
1251 1345 1401 1420 speciali,
1418 1345 1593 1406 statuendo
1604 1353 1678 1406 eam
1697 1345 1793 1417 nulli,
1811 1346 1876 1407 nisi
1891 1349 1962 1408 Ro-

316 1443 624 1520 dantes,'quatenus
642 1442 751 1519 ipsum
766 1458 891 1518 regem,
909 1444 941 1505 et
955 1442 1111 1518 praelatos
1167 1456 1266 1503 mano
1279 1442 1433 1503 Pontifici
1452 1441 1636 1519 subjacere,
1653 1445 1818 1519 quatenus
1844 1444 1962 1505 eadem

317 1558 357 1604 ac
376 1541 549 1617 magnates
572 1540 658 1601 alios
685 1539 765 1599 dicti
789 1539 898 1614 regni,
929 1539 1111 1600 seeundum
1165 1552 1225 1615 per
1239 1538 1303 1598 boc
1325 1538 1455 1600 colonis
1479 1540 1578 1600 citius
1602 1540 1812 1617 imploratum
1838 1541 1872 1603 et
1893 1541 1961 1603 tuas

317 1640 428 1702 datam
442 1638 538 1701 tibia
566 1639 634 1698 Deo
653 1636 863 1713 prudentiam
876 1651 1012 1698 moneas
1033 1637 1112 1696 dili·
1166 1635 1355 1710 largitionis
1376 1636 1531 1697 meritum
1543 1651 1584 1698 eo
1600 1636 1700 1698 altius
1715 1637 1878 1713 surgeret,
1894 1654 1960 1714 quo

313 1737 440 1814 genter,
457 1738 503 1808 ut,
522 1734 683 1795 babentes
705 1733 889 1810 simplicem
916 1735 1050 1796 oculum
1074 1733 1111 1795 in
1165 1733 1256 1810 pium
1266 1732 1503 1794 munificentiae
1517 1736 1583 1794 tuae
1598 1734 1721 1796 donum
1731 1736 1843 1796 Terrae
1857 1737 1960 1796 Sauc-

316 1834 381 1894 boc
394 1833 493 1903 lacto,
511 1831 673 1908 quatenus
686 1829 785 1892 arbor
799 1831 886 1892 bona
900 1831 1002 1893 iaciat
1014 1829 1109 1892 lruc-
1164 1829 1219 1902 te,
1236 1832 1331 1907 cujus
1345 1829 1514 1907 obsequiis
1526 1831 1606 1893 dicti
1621 1831 1742 1894 iratres
1757 1847 1794 1894 se
1808 1833 1959 1895 totaliter

315 1930 494 2001 ombonos,
505 1928 706 1990 oblationem
722 1928 872 2010 obsequii
881 1929 933 1989 sui
948 1943 1014 1990 non
1030 1943 1112 1990 con·
1165 1926 1389 2000 devoverunt,
1424 1927 1562 1988 uberius
1599 1929 1802 2005 proveniret.
1835 1929 1963 1992 Deinde

316 2027 480 2092 taminent
512 2026 655 2102 alicujus
697 2025 915 2087 ammixtione
938 2024 1108 2099 fermenti,
1165 2026 1239 2100 post
1260 2024 1384 2086 multas
1397 2025 1595 2086 vexationes
1618 2026 1652 2086 et
1674 2025 1856 2100 molestias,
1878 2042 1962 2103 quas

316 2125 374 2186 sed
389 2122 480 2186 omni
494 2122 576 2184 vitio
591 2121 782 2197 cupiditatis
797 2122 944 2194 excluso,
964 2123 1013 2184 sic
1028 2138 1111 2198 pure
1165 2135 1266 2196 super
1294 2121 1382 2183 dicta
1398 2121 1488 2183 terra
1510 2120 1677 2184 dicebaris
1700 2123 1782 2200 ipsis
1802 2123 1962 2186 iratribus

313 2220 487 2284 intendant
502 2218 542 2280 ad
556 2219 830 2295 exstirpationem
844 2219 1012 2280 naereticae
1031 2235 1112 2295 pra·
1164 2218 1342 2293 irrogasse,
1356 2234 1458 2295 super
1469 2219 1589 2296 quibus
1601 2220 1662 2282 tibi
1678 2221 1846 2283 multoties
1860 2221 1957 2283 dire-

314 2319 440 2387 vitatis,
454 2317 539 2395 quod
552 2316 593 2378 ad
609 2317 836 2392 occupandum
854 2318 979 2379 terram
993 2317 1111 2378 catbo-
1164 2314 1275 2376 ximus
1288 2316 1411 2392 scripta
1422 2319 1547 2389 nostra,
1564 2317 1597 2379 te
1616 2318 1748 2379 demum
1763 2319 1888 2380 nostris
1898 2336 1963 2380 au-

314 2417 470 2487 licorum,
495 2431 535 2476 ac
558 2413 749 2492 specialiter
770 2413 811 2474 ad
834 2414 958 2478 terram
976 2414 1109 2491 imperii
1163 2411 1255 2474 ribus
1289 2413 1476 2483 intimante,
1511 2415 1598 2492 quod
1630 2415 1697 2492 ipsi
1723 2415 1843 2477 iratres
1876 2417 1961 2478 lines

314 2515 368 2578 vel
391 2529 508 2589 regum
529 2511 658 2588 Angliae
680 2526 720 2572 ao
740 2514 932 2588 Aragonum
956 2511 1054 2574 sitam
1073 2512 1109 2573 iu
1164 2511 1423 2586 possessionum,
1435 2527 1455 2572 a
1469 2513 1502 2574 te
1515 2511 1580 2573 sibi
1591 2527 1836 2586 concessarum,
1849 2529 1961 2590 egres·

314 2592 464 2690 partibus
476 2610 544 2671 illis
570 2625 689 2670 manus
709 2609 888 2671 extendere
903 2624 970 2671 non
980 2625 1110 2687 praesu·
1164 2608 1203 2680 si,
1216 2608 1376 2686 quasdam
1391 2625 1434 2671 ex
1447 2610 1513 2672 tuis
1526 2610 1792 2686 possessionibus
1815 2627 1961 2689 occupa-

312 2709 414 2781 mant,
428 2724 470 2768 ne
483 2706 639 2784 pietatem
655 2706 859 2768 convertisse
873 2706 1052 2768 videantur
1072 2707 1108 2767 in
1163 2707 1256 2782 runt3
1274 2723 1423 2783 comper
1449 2706 1579 2769 litteras
1602 2709 1734 2770 nostras
1762 2709 1961 2771 mandasse-

313 2807 486 2884 quaestum,
505 2804 601 2866 etad
627 2819 723 2864 suum
747 2803 924 2864 retorsisse
951 2819 1109 2882 compen·
1162 2821 1236 2864 mus
1251 2805 1387 2876 eisdem,
1401 2804 1438 2867 ut
1450 2806 1540 2883 ipsas
1555 2807 1784 2882 possessiones
1804 2807 1870 2868 tuae
1885 2806 1959 2868 oel-

313 2902 499 2980 diumquod
509 2901 549 2962 ob
561 2901 709 2962 divinum
720 2901 903 2961 noscuntur
913 2899 1107 2977 obsequium
1163 2901 1301 2962 situdini
1339 2903 1563 2975 restituerent,
1600 2903 1634 2965 et
1666 2903 1709 2964 ab
1741 2905 1960 2982 occupatione

313 2999 504 3077 incoepisse.
1163 2997 1305 3058 aliorum
1324 2997 1487 3059 bonorum
1501 3001 1634 3059 tuorum
1649 3000 1690 3060 de
1713 3002 1834 3064 caetero
1850 3001 1957 3063 absti-

352 3097 501 3174 Denique
514 3095 597 3156 illud
611 3094 672 3155 tibi
687 3109 760 3155 esse
782 3093 935 3156 volumus
952 3093 1108 3156 manifes-

312 3195 394 3266 tum,
410 3191 496 3269 quod
522 3191 619 3252 nobis
646 3191 678 3253 et
692 3191 851 3254 iratribus
873 3192 996 3254 nostris
1009 3192 1107 3255 valde

313 3291 488 3355 molestum
508 3289 681 3361 existeret,
704 3291 733 3351 si
757 3291 848 3351 terra
874 3290 1004 3366 praelati
1016 3292 1106 3366 regis

312 3389 457 3464 angliae,
496 3403 594 3465 quam
639 3386 737 3449 babet
767 3386 802 3449 in
833 3387 983 3465 partibus
1015 3376 1104 3461 illis,

312 3486 504 3564 hujusmodi
532 3484 708 3546 occasione
737 3485 864 3546 destrui
901 3487 1107 3562 contingeret

310 3586 366 3647 vel
388 3584 511 3654 invadi,
530 3583 607 3661 quia
633 3600 706 3659 quae
729 3584 877 3659 ejusdem
897 3584 986 3659 regis
1015 3600 1107 3646 com-

311 3682 408 3744 modo
421 3682 454 3743 et
464 3681 584 3741 honori
597 3681 750 3741 tenemur
772 3682 955 3753 intendere,
973 3682 1105 3743 dicere-

312 3796 387 3841 mur
402 3782 473 3855 ejus
488 3778 583 3853 gravi
597 3778 770 3853 dispendio
783 3795 917 3839 causam
931 3778 1105 3841 manifeste

312 3876 452 3938 dedisse.
476 3877 584 3946 Quare
600 3875 734 3935 studeas
759 3875 901 3936 sollicite
917 3878 1103 3952 providere,

311 3973 347 4034 ut
369 3972 607 4033 catholicorum
624 3971 781 4042 omnium,
799 3973 831 4034 et
846 3974 1036 4048 specialiter
1053 3975 1106 4052 ip-

311 4071 381 4132 sius
395 4071 494 4147 regis,
511 4070 656 4131 bonores
670 4070 703 4129 et
721 4070 798 4145 jnra
814 4069 943 4131 illibata
963 4086 1104 4132 serven-

309 4169 375 4239 tur,
393 4166 574 4228 seoundum
589 4166 748 4228 statutum
763 4166 903 4227 concilii
924 4169 1102 4243 generalis,

310 4264 498 4328 eaminhoo
509 4264 715 4339 diligentiam
726 4263 924 4337 adhibendo,
940 4264 1024 4341 quod
1037 4267 1104 4328 tuae

310 4360 618 4438 circumspectionis
651 4361 910 4423 sollicitudinem
939 4363 1104 4441 possimus

309 4462 346 4523 in
360 4461 423 4521 hoc
437 4457 630 4536 specialiter
639 4458 881 4519 commendare.
893 4457 964 4537 (Sic
976 4463 1103 4524 temni-

309 4557 427 4629 nctur,
444 4559 569 4630 absone
582 4556 798 4631 temporaria
808 4553 917 4635 stota.)

645 4792 768 4880 XCIX

400 4950 451 5009 Ad
470 4950 656 5017 Andrecm,
673 4960 792 5023 repam
806 4947 1011 5021 Hunccriae.

558 5078 590 5135 ll
615 5074 749 5133 februarii
770 5075 852 5133 1226.

417 5200 508 5267 [belen
530 5199 592 5249 (lod.
614 5199 721 5265 diplom.
739 5200 830 5264 flung..
845 5200 887 5259 lll,
901 5214 931 5259 rr,
942 5200 993 5265 ib]

307 5318 452 5381 Andream
468 5330 569 5389 regem
589 5317 743 5389 Hungarie
762 5318 890 5389 equitum
910 5317 1098 5379 Tbautonico·

342 5424 406 5467 rum
431 5402 667 5473 revocandorum,
699 5404 977 5465 restituendorumve
1007 5411 1100 5482 gratia

342 5504 468 5557 extrema
479 5492 634 5551 contentio.

346 5622 524 5694 Honorius,
536 5620 611 5693 etc,
624 5616 747 5679 illustri
753 5620 825 5697 regi
833 5622 1024 5699 Hungariae,
1034 5626 1096 5687 eto.

1162 3095 1290 3155 nerent.
1306 3097 1367 3166 Tu,
1383 3095 1471 3170 quod
1492 3095 1731 3170 intelleximus,
1757 3099 1798 3159 de
1823 3115 1960 3176 posses-

1162 3191 1312 3252 sionibus
1324 3191 1404 3263 illis,
1426 3210 1509 3270 quas
1533 3193 1730 3257 dicebantur
1754 3199 1850 3259 extra
1874 3214 1959 3259 con-

1162 3306 1332 3351 cessarum
1354 3290 1419 3351 sibi
1451 3292 1611 3353 terminos
1633 3310 1828 3371 occupasse,
1846 3296 1958 3356 nitens

1161 3389 1367 3465 retorquere,
1382 3389 1423 3450 ad
1433 3389 1522 3460 illas,
1537 3406 1618 3465 quas
1628 3390 1677 3449 eis
1690 3392 1746 3464 pia
1756 3391 1960 3454 liberalitate

1161 3485 1303 3559 donasti,
1322 3487 1354 3546 et
1369 3502 1452 3562 quae,
1471 3489 1506 3546 ut
1529 3484 1695 3557 duximus,
1713 3486 1762 3544 eis
1777 3486 1818 3545 ad
1840 3502 1961 3562 preces

1160 3581 1957 3659 tuassuntauctoritateApostolicaconfirmatae,

1160 3678 1351 3757 praecepisti
1377 3679 1513 3751 eisdem,
1531 3680 1567 3740 ut
1587 3682 1712 3740 terram
1736 3680 1844 3756 ipsam
1865 3698 1886 3743 a
1911 3686 1955 3757 te,

1160 3779 1258 3853 prout
1276 3778 1347 3852 jam
1370 3775 1537 3849 duximus,
1559 3776 1623 3838 sibi
1649 3777 1805 3840 donatam
1828 3780 1958 3843 intuitu

1160 3874 1305 3951 pietatis,
1319 3874 1350 3933 ei
1365 3890 1385 3933 a
1402 3873 1485 3934 Sede
1503 3873 1694 3952 Apostolica
1709 3875 1953 3946 confirmatam,

1159 3972 1220 4032 tibi
1230 3970 1386 4032 continuo
1402 3970 1627 4047 resignarent;
1648 3972 1708 4045 eis,
1721 3974 1787 4033 nisi
1802 3974 1867 4034 tuae
1875 3977 1956 4049 jus-

1160 4069 1247 4129 sioni
1275 4070 1442 4145 parerent,
1468 4070 1586 4145 gravia
1621 4070 1864 4132 comminando.
1894 4072 1955 4132 His

1159 4166 1272 4243 itaque
1307 4165 1348 4227 ad
1385 4166 1588 4229 audientiam
1623 4169 1772 4229 nostram
1807 4169 1956 4244 ipsorum

1159 4261 1299 4324 fratrum
1312 4264 1538 4325 insinnatione
1551 4264 1700 4339 perlatis,
1716 4281 1776 4326 nos
1789 4265 1908 4326 honori
1922 4267 1955 4328 et

1159 4360 1260 4423 saluti
1275 4362 1352 4433 tuae,
1368 4376 1407 4422 ac
1413 4362 1483 4435 juri
1498 4361 1662 4421 dictorum
1676 4360 1816 4423 fratrum
1832 4362 1952 4424 volen-

1158 4460 1219 4530 tes,
1255 4460 1355 4534 prout
1384 4457 1426 4518 ad
1454 4458 1604 4517 nostrum
1637 4462 1764 4534 spectat
1793 4460 1951 4534 cilicium,

1158 4555 1343 4633 providere,
1359 4554 1690 4631 circumspectionem
1700 4559 1792 4619 tuam
1814 4575 1875 4635 per
1894 4559 1952 4619 lit-

1158 4653 1248 4714 teras
1264 4653 1395 4713 nostras
1410 4667 1557 4724 monere,
1569 4668 1610 4715 ac
1624 4654 1754 4717 hortari
1765 4655 1952 4718 studuimus

1159 4750 1347 4826 diligenter,
1375 4751 1412 4812 ut
1436 4750 1618 4828 prudenter
1646 4754 1831 4827 attendens,
1865 4754 1952 4832 quod

1157 4848 1244 4908 nihil
1269 4848 1305 4908 in
1325 4848 1395 4910 tuto
1408 4849 1592 4925 reponitur,
1609 4850 1676 4910 nisi
1688 4851 1774 4928 quod
1790 4852 1846 4928 pia
1868 4851 1953 4913 libe-

1157 4944 1290 5006 ralitate
1299 4946 1452 5018 donatur,
1467 4962 1506 5007 ac
1514 4946 1670 5023 praelatas
1681 4948 1810 5010 litteras
1819 4949 1953 5011 nostras

1159 5042 1340 5103 secundum
1355 5058 1474 5104 sanum
1489 5044 1695 5107 intellectum
1710 5047 1865 5123 superius
1886 5063 1950 5107 ex-

1157 5154 1318 5217 pressum,
1335 5141 1515 5218 accipiens,
1531 5142 1635 5203 dictos
1650 5141 1771 5205 iratres
1791 5160 1860 5205 non
1879 5160 1954 5205 mo-

1156 5237 1296 5299 lestares
1318 5238 1459 5300 ulterius
1481 5255 1582 5315 super
1599 5241 1690 5302 terra
1713 5240 1778 5302 sibi
1801 5258 1822 5302 a
1846 5243 1950 5319 topia

1156 5334 1358 5395 liberalitate
1387 5333 1519 5408 donata,
1546 5335 1603 5396 sed
1630 5351 1703 5396 eam
1727 5338 1866 5414 pacifice
1886 5339 1950 5399 sibi

1156 5430 1341 5493 dimitteres
1370 5432 1553 5493 secundum
1577 5432 1700 5495 limites
1722 5434 1757 5495 in
1772 5434 1949 5512 privilegio

1154 5528 1221 5590 tuae
1245 5528 1435 5591 donationis
1450 5544 1640 5607 expressos,
1662 5546 1702 5593 ac
1720 5532 1874 5596 restituto
1899 5533 1949 5595 eis

1156 5626 1298 5705 quodam
1314 5628 1434 5701 castro,
1452 5644 1516 5705 qno
1527 5628 1689 5705 spoliasse
1704 5630 1868 5693 dicebaris
1879 5647 1950 5693 eos·
