4217 6400
931 269 1106 334 HONORII
1128 271 1172 330 111
1193 271 1340 338 OPERA.
1917 273 1959 332 36

693 437 721 522 il

394 591 445 648 Act
468 590 662 661 episcopum
684 589 974 659 Vesprtmtensem
995 588 1028 646 et

502 685 728 758 prepositum
749 687 938 745 Albensenc.

567 816 599 872 17
619 811 754 870 februarii
774 814 853 872 1226.

424 939 512 1001 [Fejcn
526 937 586 988 God.
607 937 669 1001 dipl.
685 938 829 1000 ilungariae,
844 938 886 994 lll,
903 953 931 996 ιι,
944 937 996 1001 78]

314 1063 457 1120 Andrenm
481 1077 578 1134 regem
601 1063 755 1134 Hnngariae
774 1077 823 1134 per
843 1062 1007 1134 episcopum
1022 1065 1109 1118 ctiam

349 1152 608 1223 vesprimiensem,
625 1165 659 1206 ac
676 1151 858 1222 praepositum
884 1150 1038 1207 Albensem
1057 1164 1108 1206 eo·

349 1255 412 1296 ram
428 1238 651 1310 archiepiscopis
663 1244 693 1294 et
706 1240 848 1310 episcopis
861 1241 970 1296 moneri
983 1237 1073 1310 jubet.

348 1363 1108 1440 Honorius,etc„episcopovesprimiensi,etc.,

316 1462 493 1540 praeposito
519 1460 670 1532 Albensi,
694 1461 951 1536 vesprimiensis
983 1461 1109 1520 dioece-

316 1561 374 1626 sis,
390 1559 453 1621 eto.

358 1655 450 1718 Sicut
465 1655 638 1716 carissimo
658 1655 693 1716 in
714 1656 845 1718 Christo
867 1655 936 1716 illio
956 1657 1109 1716 nostro...

316 1754 440 1814 illustri
457 1753 529 1828 regi
548 1753 739 1828 Hungariae,
752 1756 822 1829 jam
838 1753 1006 1813 multoties
1021 1752 1113 1814 litte-

317 1853 364 1912 ris
389 1851 510 1911 nostris
535 1850 724 1910 insinuasse
747 1850 935 1921 recolimus,
953 1849 1112 1926 inspectis

316 1945 1112 2026 privilegiisejus,liquidocontinentibus,ipsum

315 2048 441 2108 terram
459 2048 552 2105 Bone
570 2043 620 2121 (ut
642 2059 754 2120 supra,
772 2060 879 2117 rrsqcce
895 2059 1110 2120 nequeamus,

316 2147 431 2204 cereta
442 2142 676 2216 competenter
690 2139 861 2217 mutatis).
875 2139 1035 2211 Quocirca
1049 2140 1114 2199 dis·

317 2239 459 2301 cretioni
473 2241 593 2300 nestrae
608 2254 667 2313 per
681 2237 870 2314 Apostolica
881 2237 1003 2314 scrIpta
1017 2253 1114 2298 man-

317 2335 445 2404 damus,
463 2338 640 2412 quatenus,
659 2350 772 2410 regem
787 2335 909 2410 ipsum,
926 2333 1114 2410 archiepis-

317 2433 409 2508 copis
425 2434 457 2493 et
472 2431 635 2508 episcopis
651 2431 756 2506 ipsius
771 2431 867 2506 regni
881 2429 1111 2506 praesentibus,

317 2529 358 2590 ad
374 2546 425 2602 ea,
451 2545 522 2606 quae
538 2529 776 2605 praemisimus,
793 2528 944 2589 facienda
965 2543 1112 2596 monere,

317 2626 499 2704 prudenter
514 2628 546 2687 et
567 2626 746 2688 efficaciter
759 2626 918 2686 inducere
934 2625 1111 2700 studeatis3

319 2725 403 2802 quod
420 2724 498 2785 inde
514 2723 671 2796 feceritis,
691 2740 730 2784 ac
743 2725 994 2800 responsionem
1008 2723 1113 2800 ipsius

318 2823 413 2884 nobis
435 2823 632 2898 quantocius
656 2821 798 2883 fideliter
818 2821 1025 2897 rescripturi.
1048 2823 1115 2881 Da-

319 2921 388 2981 tum
408 2921 444 2982 ut
463 2935 575 2996 supra.

693 3157 743 3244 el

365 3312 416 3371 Ad
441 3308 657 3378 rotomnam,
681 3309 841 3383 reptnom
861 3308 1066 3383 Hrncpnrtae.

449 3516 451 3521 Ι
576 3448 608 3503 li
629 3444 763 3503 februarii
783 3446 862 3503 1226.

468 3570 558 3635 [llejen
569 3569 629 3619 Cod.
643 3568 705 3634 dipl.
717 3568 811 3633 ilung,
824 3570 867 3629 lli,
879 3584 907 3628 ιι,
919 3568 971 3634 re]

420 3695 561 3753 Honorius
577 3692 707 3766 idipsum
719 3708 769 3767 per
784 3694 914 3767 reginam
928 3694 1013 3751 etiam

557 3780 727 3839 Yolanthem
744 3782 884 3839 sollicitat.

363 3907 543 3978 Honorius
559 3906 635 3977 etc.,
652 3906 776 3981 reginae
788 3908 980 3982 Hungariae,
993 3910 1055 3970 etc.

365 4002 555 4081 Sperantes,
573 3998 658 4077 quod
674 4016 789 4077 preces
804 4002 935 4063 nostras
951 4003 1034 4064 velis
1050 4002 1119 4065 efn-

324 4102 448 4165 caeiter
474 4098 645 4169 exaudire,
674 4098 859 4174 praesertim
886 4100 921 4158 in
949 4099 1013 4171 his,
1044 4118 1118 4178 quae

324 4197 534 4261 manifestam
550 4195 720 4257 continent
734 4193 901 4271 pietatem,
923 4197 956 4258 et
970 4196 1011 4257 ad
1027 4198 1119 4258 salu-

1162 428 1239 491 liter
1253 429 1413 504 gratiam3
1437 431 1471 491 et
1488 443 1561 500 nos,
1580 429 1696 506 quiad
1718 427 1871 491 ultimum
1888 445 1959 490 uon

1163 526 1344 601 poterimus
1371 525 1468 587 dictis
1498 525 1658 586 iratribus
1682 525 1717 586 in
1750 541 1813 586 sua
1839 526 1959 588 deesse

1159 623 1313 696 justitia,
1348 623 1447 684 aliter
1477 624 1658 698 procedere
1687 639 1755 683 non
1785 637 1957 698 cogamur.

1163 719 1288 780 Taliter
1318 722 1430 781 autem
1461 721 1623 781 exaudias
1654 736 1771 796 preces
1803 722 1957 792 nostras,

1164 817 1250 892 quod
1270 820 1399 892 gratum
1420 818 1544 879 habere
1558 818 1734 894 possimus,
1750 819 1783 880 et
1794 818 1836 877 ad
1851 832 1962 878 exau-

1164 914 1302 976 diendas
1325 916 1417 986 tuae,
1440 933 1515 976 cum
1544 916 1749 990 oportuerit,
1778 913 1963 974 reddamur

1165 1013 1283 1073 merito
1292 1014 1476 1089 proniores.
1487 1016 1607 1074 Datum
1620 1012 1787 1083 Laterani,
1799 1014 1877 1072 XIII
1888 1011 1958 1072 kal.

1166 1111 1288 1182 martii,
1302 1126 1391 1173 anno
1409 1111 1549 1174 decimo.

1526 1341 1596 1428 cll

1277 1495 1329 1554 Act
1347 1493 1501 1554 abbatem
1515 1493 1786 1566 concentumque
1806 1494 1846 1554 cc

1431 1593 1691 1664 Durcfermetpn.

1424 1721 1460 1776 ΞΟ
1473 1718 1607 1777 februarii
1622 1721 1702 1778 laea.

1291 1843 1394 1907 [Regist.
1408 1843 1440 1893 do
1453 1843 1642 1908 Dnnlcrmelyn,
1655 1843 1709 1902 loe,
1723 1857 1749 1892 n.
1762 1841 1830 1906 259]

1167 1967 1216 2024 Eis
1231 1966 1339 2024 iuhibet
1355 1983 1391 2024 ne
1406 1969 1469 2040 quis
1487 1968 1640 2041 episcopus
1656 1974 1704 2026 aut
1722 1966 1853 2024 oltlcialis
1871 1967 1963 2039 ipsius

1202 2057 1310 2114 eosvel
1332 2073 1430 2114 corum
1450 2058 1587 2114 ecclesias
1608 2071 1693 2129 super
1714 2055 1962 2130 procurationibus

1204 2145 1274 2200 ultra
1295 2151 1421 2201 taxatum
1435 2146 1463 2202 in
1479 2146 1664 2202 lateranensi
1678 2146 1804 2204 Concilio
1821 2158 1959 2216 persona·

1203 2247 1265 2290 rum
1280 2238 1309 2288 et
1323 2235 1502 2289 evectionum
1514 2248 1665 2290 numerum
1681 2247 1853 2306 aggravare.

1207 2357 1374 2417 Honorius
1389 2359 1575 2434 episcopus,
1589 2361 1651 2420 etc.

1209 2457 1288 2515 Cum
1297 2454 1502 2516 exindebitis
1510 2455 1759 2531 gravaminibus
1768 2455 1964 2532 plerumque

1169 2553 1363 2626 contingant
1382 2553 1416 2612 in
1437 2552 1647 2627 regularibus
1667 2553 1791 2615 sanctae
1813 2555 1965 2614 contem-

1170 2649 1325 2726 plationis
1345 2651 1448 2710 otium
1462 2649 1666 2725 perturbari3
1684 2665 1743 2710 nos
1757 2649 1859 2725 quieti
1880 2665 1963 2710 ves-

1169 2750 1229 2809 tran
1256 2747 1432 2824 providere
1458 2748 1618 2818 volentes
1646 2747 1845 2808 anctoritate
1875 2762 1964 2823 prae-

1170 2844 1313 2906 sentium
1352 2844 1539 2905 districtius
1572 2844 1777 2916 inhibemus,
1813 2859 1855 2904 ue
1888 2843 1964 2920 quis

1170 2943 1344 3016 episcopus
1379 2943 1437 3001 aut
1470 2941 1626 3001 ossscialis
1659 2940 1771 3017 'ipsius
1805 2957 1875 3012 vos,
1908 2939 1964 3001 nel

1170 3037 1330 3098 ecclesias
1349 3039 1488 3108 restrae,
1506 3038 1628 3100 audeat
1640 3055 1740 3114 snper
1754 3038 1966 3115 procuratio-

1171 3133 1269 3195 nibus
1291 3134 1378 3196 ultra
1400 3135 1551 3198 taxatum
1570 3136 1606 3196 in
1630 3136 1846 3199 Laterauensi
1871 3137 1963 3195 Gon-

1171 3232 1248 3293 cilio
1263 3248 1481 3309 personarum
1501 3235 1534 3296 et
1555 3235 1764 3296 evectionum
1788 3248 1966 3315 numerum

1171 3346 1365 3406 aggravare.
1374 3330 1563 3406 Nulliergo,
1572 3335 1633 3393 etc.
1643 3332 1885 3407 Siquisautem,
1899 3330 1964 3391 etc.

1171 3427 1289 3488 Datum
1301 3428 1469 3500 Laterani,
1485 3432 1516 3487 X
1532 3427 1692 3487 kalendas
1711 3425 1835 3496 martii,
1851 3426 1968 3500 ponti-

1172 3524 1288 3586 llcatus
1303 3525 1408 3586 nostri
1424 3540 1511 3585 anno
1524 3523 1662 3584 decimo.

1525 3774 1615 3860 cur

1193 3928 1244 3987 Ad
1256 3928 1412 3999 priorem
1430 3926 1465 3985 s.
1488 3925 1670 3985 Trinitatis
1683 3927 1944 3987 Londootensts.

1423 4053 1610 4112 toreumati
1630 4054 1709 4112 leto.

1369 4180 1481 4243 [llymcn
1498 4179 1611 4238 Findere,
1629 4180 1648 4236 l,
1661 4192 1680 4236 r,
1698 4178 1764 4243 100.]

327 4300 390 4359 tem
402 4293 566 4357 carissimi
579 4294 614 4353 in
627 4293 757 4354 Christo
771 4292 830 4353 filii
846 4295 952 4355 nostri
964 4296 1116 4369 Andreae,
1173 4297 1207 4353 Ei
1222 4294 1350 4367 indulget
1360 4300 1390 4350 ut
1404 4294 1561 4351 terminatis
1570 4292 1666 4349 causis
1675 4293 1711 4349 ab
1720 4294 1884 4365 Apostolica
1893 4293 1968 4351 Sede

325 4394 468 4455 illustris
490 4390 578 4465 regis
603 4391 795 4465 Hungariae,
812 4392 876 4451 viri
892 4392 952 4463 tui,
967 4394 1000 4454 et
1013 4395 1116 4469 tuam,
1209 4384 1433 4456 ip⁸l⁰⁰fflffll⁸⁸l⁸
1448 4397 1498 4453 le?
1509 4381 1727 4439 ⁰⁰fflffli⁵⁸¹0¹¹0³
1741 4381 1879 4454 etflfflffll,
1894 4398 1969 4455 (11188

325 4507 392 4553 non
418 4489 470 4551 est
496 4486 651 4560 dubium,
690 4487 877 4563 pertinere;
906 4492 1118 4554 serenitatem
1209 4470 1362 4527 decaetero
1378 4470 1413 4526 ad
1426 4472 1519 4540 ipsum
1535 4470 1679 4541 impetrari
1695 4472 1858 4545 contigerit,
1872 4472 1965 4529 nnlla-

327 4590 418 4651 tuam
433 4586 558 4647 attente
574 4583 756 4659 rogandam
772 4583 926 4645 duximus
948 4588 981 4649 et
999 4589 1117 4650 horta-
1209 4564 1292 4615 ¹⁰¹¹¹¹⁸
1305 4565 1435 4615 ‘eneam'
1449 4556 1611 4629 pmoede'e·

326 4680 1119 4761 mur,qtratenusdiligentereteilicaciteripsum
1214 4684 1967 4760 HonoriusepiscopuS,servusservorumltei,

326 4798 439 4859 regem
454 4778 604 4849 inducas,
623 4778 658 4842 ut
668 4778 764 4853 juxta
780 4795 894 4855 preces
910 4782 942 4843 et
957 4781 1118 4843 exhorta·
1174 4782 1295 4844 dilecto
1311 4782 1379 4842 tilio
1392 4782 1496 4858 priori
1513 4783 1642 4843 Sanctae
1655 4783 1827 4846 Trinitatis
1841 4784 1971 4847 Londo-

327 4881 436 4942 tiones
451 4877 582 4937 nostras
595 4874 725 4935 dilectis
734 4875 824 4947 filiis,
835 4876 1120 4940 iratribusdomus
1175 4880 1319 4947 niensis,
1344 4879 1485 4940 salutem
1510 4880 1544 4939 et
1567 4880 1791 4956 apostolicam
1811 4880 1972 4943 benedic-

330 4976 460 5037 Sanctae
496 4972 612 5033 Mariae
647 4971 927 5034 Tlreutonicorum
968 4977 1121 5038 restituat
1174 4979 1309 5040 tionem.

327 5076 435 5137 terras
460 5074 492 5133 et
512 5070 579 5131 alia
602 5070 770 5143 universa,
788 5086 861 5146 quae
877 5071 1053 5147 peripsum
1066 5089 1122 5134 re·
1216 5078 1244 5136 A
1256 5074 1351 5136 nobis
1366 5074 1537 5136 humililer
1551 5076 1738 5151 postulasti,
1753 5078 1799 5149 ut,
1816 5093 1891 5138 cum
1902 5093 1970 5137 uon

329 5186 414 5247 gem,
433 5168 486 5229 vel
503 5166 642 5227 nuncios
658 5167 732 5241 ejus
756 5167 834 5226 sunt
851 5166 975 5227 eisdem
993 5168 1119 5244 ablatam
1176 5172 1300 5233 habeas
1309 5172 1395 5248 juris
1406 5171 1570 5249 peritIam,
1584 5174 1616 5235 et
1625 5176 1759 5250 propter
1764 5174 1971 5251 judiciorum

330 5269 362 5329 et
380 5264 587 5327 satisfaciens
612 5262 675 5334 eis,
696 5263 728 5323 et
748 5262 905 5323 satisfieri
928 5262 1054 5325 faciens
1082 5266 1122 5327 de
1178 5269 1351 5346 strepitum
1361 5270 1532 5344 contingat
1546 5270 1668 5331 sanctae
1682 5270 1970 5347 contemplationis

330 5362 460 5427 damnis
472 5362 504 5423 et
514 5359 647 5436 lnjnriis
660 5358 826 5433 irrogetis
840 5357 886 5420 ita
898 5360 987 5436 Ipsos
997 5362 1120 5436 divino,
1177 5368 1258 5427 inte
1275 5366 1378 5428 otium
1393 5366 1558 5443 impediri,
1568 5368 1716 5428 eximere
1731 5370 1763 5430 te
1781 5369 1972 5430 acommis-

332 5460 492 5525 etnostrn
510 5456 632 5517 intrntu
652 5455 773 5528 foveat,
791 5458 1122 5532 protegatetdefen-
1179 5465 1310 5525 stonum
1338 5465 1527 5525 nostrarum
1560 5464 1784 5525 sollicitudine
1812 5465 1972 5540 dignare-

332 5558 398 5629 dat,
414 5554 499 5633 quod
516 5553 662 5615 divinam
676 5552 793 5615 exiroc
806 5554 975 5615 mereatur
990 5556 1123 5632 specie·
1180 5577 1264 5622 mur.
1294 5564 1362 5622 Nos
1390 5578 1469 5638 ergo
1494 5562 1562 5625 tuis
1584 5563 1883 5639 supplicationibus
1906 5579 1972 5625 an-
