4217 6400
1908 199 2092 290 rael

292 398 429 461 ‘officio
448 396 624 474 legationis
646 395 711 457 sibi
730 395 907 457 commisso
920 391 1114 456 transmisi·
1169 391 1238 454 tum
1250 391 1313 452 sibi
1324 391 1368 454 sit
1380 391 1656 468 acquiescendum
1667 393 1791 455 nostris
1802 395 1984 466 consiliis
2091 383 2092 446 ἒ

317 512 402 569 mus,
419 496 529 556 adhuc
544 494 589 554 ibi
606 495 647 555 de
663 493 800 571 speciali
816 491 972 552 mandato
986 493 1112 563 nostro,
1169 489 1202 551 et
1220 490 1395 560 mandatis,
1414 490 1491 566 quia
1507 489 1547 550 ob
1560 489 1624 550 boo
1638 490 1871 567 principaliter
1887 493 1983 552 dili-

319 230 378 292 123
935 225 1113 287 HONORII
1135 223 1180 284 111
1201 223 1349 284 OPERA.

319 610 416 672 quem
429 593 478 654 sic
493 592 650 669 expedire
664 591 840 661 credimus,
853 589 1113 661 moramtrahat,
1169 587 1277 664 gimus
1291 587 1436 648 nobilem
1451 589 1681 658 memoratum,
1699 588 1786 664 quod
1799 589 1864 664 ipsi
1881 591 1980 664 regi,

317 690 531 752 universitati
547 691 673 750 vestrae
692 703 752 764 per
770 687 961 763 apostolica
990 686 1115 761 scripta
1170 687 1203 746 et
1217 685 1303 762 patri
1316 687 1388 761 eJus
1402 684 1486 744 fidus
1501 685 1537 744 in
1550 699 1677 745 summo
1690 686 1841 762 periculo
1855 688 1988 748 nosci-

317 787 541 866 praecipiendo
556 787 764 855 mandamus,
782 786 946 860 quatenus
962 783 1114 844 eumdem
1169 781 1224 842 tur
1237 781 1401 854 extitisse,
1423 780 1595 858 praefatum
1611 782 1821 857 capellanum
1842 783 1885 843 ad
1909 799 1983 844 nos

319 886 405 946 sicut
419 885 618 961 Apostolioae
632 883 726 945 sedis
741 883 886 957 legatum
901 881 1112 956 recipientes,
1151 895 1310 944 ‚vacuum
1326 894 1386 956 pro
1406 894 1467 940 sua
1481 878 1652 940 voluntate
1667 879 1807 950 remisit,
1825 880 1880 939 bis
1895 897 1983 956 quae

318 981 513 1052 honorifice,
522 997 563 1042 ac
574 981 714 1042 honeste
723 981 915 1049 tractantes,
925 977 1114 1038 salubribus
1169 993 1229 1053 pro
1245 977 1517 1038 reconciliatione
1528 975 1608 1036 dicti
1619 976 1740 1037 nobilis
1759 976 1981 1052 sibispecia-

317 1079 466 1150 monitis,
480 1094 520 1138 ac
535 1077 699 1138 mandatis
713 1077 860 1153 ejusdem
874 1075 1066 1143 intendatis,
1083 1074 1116 1135 et
1170 1075 1246 1136 liter
1264 1090 1323 1151 pro
1336 1075 1480 1137 utilitate
1498 1089 1558 1134 sua
1575 1075 1696 1136 litteris
1709 1077 1741 1136 et
1756 1075 1849 1151 ipsis
1869 1073 1979 1156 [quae]

318 1176 482 1237 obediatis
513 1175 702 1246 humiliter,
736 1190 775 1234 ac
806 1173 942 1245 devote;
966 1172 1113 1248 alioquin
1169 1174 1246 1235 viva
1260 1188 1341 1234 voce
1368 1172 1499 1250 praelati
1528 1172 1695 1248 capellani
1723 1173 1978 1246 mandavimus,

319 1273 528 1343 sententiam,
555 1288 654 1348 quam
675 1270 920 1333 rationabiliter
940 1269 1055 1330 tulerit
1078 1271 1115 1329 in
1170 1273 1300 1349 penitus
1322 1270 1501 1332 obauditis.
1528 1269 1622 1342 Quod
1647 1272 1807 1346 quantum
1835 1271 1980 1347 indigne

318 1369 470 1442 rebelles,
486 1371 717 1446 praecipiemus
731 1384 836 1446 usque
854 1368 897 1428 ad
912 1365 1116 1429 satisfactio-
1169 1367 1316 1431 ieramus
1336 1368 1400 1429 sibi
1420 1367 1682 1429 monstraremus
1706 1384 1877 1445 expresse,
1905 1369 1978 1430 nisi

317 1483 395 1528 nem
409 1467 607 1542 condignam
630 1467 772 1528 firmiter
785 1465 969 1528 observari.
994 1464 1114 1526 Datum
1169 1467 1377 1545 propteralia
1388 1481 1461 1543 quae
1472 1465 1536 1526 sibi
1547 1481 1586 1527 ao
1597 1468 1781 1542 regnoejus
1790 1467 1976 1530 imminere

318 1565 487 1633 Laterani,
506 1566 550 1625 VI
570 1564 757 1642 idusjunii,
774 1563 986 1640 pontificatus
1006 1562 1115 1624 nostri
1169 1566 1335 1633 videntur,
1355 1564 1388 1625 el
1412 1563 1617 1640 adpraesens
1642 1565 1834 1625 necessaria
1850 1566 1974 1642 provi-

316 1676 407 1723 anno
423 1662 563 1724 decimo.
1171 1661 1284 1724 dantia
1306 1677 1537 1739 parceremus,
1564 1664 1597 1722 et
1623 1677 1853 1738 speraremus,
1882 1664 1974 1740 quod

1171 1759 1298 1822 saniori
1314 1760 1411 1822 utens
1426 1759 1566 1820 consilio
1582 1759 1705 1820 nostris
1724 1760 1759 1819 in
1784 1760 1847 1821 boo
1866 1760 1976 1822 bene·
2037 1809 2039 1814 .

1169 1858 1302 1936 placitis
1325 1856 1445 1918 debeat
1463 1857 1687 1934 acquiescere,
1706 1873 1746 1919 ac
1762 1858 1973 1920 restituendo

1169 1955 1233 2017 sibi
1253 1957 1317 2033 ipsi
1333 1956 1455 2018 dictum
1472 1955 1626 2027 nobilem,
1644 1971 1709 2031 quo
1725 1955 1911 2033 improvide
1933 1973 1972 2018 se

1169 2052 1327 2129 privavit,
1339 2049 1461 2114 saetam
1476 2051 1571 2112 nobis
1584 2053 1619 2112 in
1632 2050 1823 2130 repulsione
1834 2068 1973 2129 precum

1172 2151 1360 2212 nostrarum
1391 2151 1549 2227 injuriam
1574 2149 1719 2212 abolere.
1748 2151 1841 2212 Licet
1865 2151 1974 2226 igitur
2012 2178 2015 2182 ·

624 1901 814 1990 CLXXIV
855 1832 858 1837 1

378 2053 431 2115 Au
443 2053 740 2127 archiepiscopum
754 2052 1053 2112 cantuariorum.

612 2183 643 2238 u
661 2181 725 2255 jum
743 2181 822 2238 raro.

342 2305 462 2371 [Regest.,
479 2305 524 2356 lib.
536 2307 568 2363 X,
583 2304 659 2368 epist.
675 2303 731 2354 327.
746 2304 803 2353 llss.
820 2305 857 2354 La
868 2305 941 2354 Porte
951 2303 985 2354 dn
996 2303 1089 2368 Thoti]

320 2433 454 2494 Hortatur
472 2437 503 2488 ut
522 2427 703 2487 Fulchesium
721 2427 758 2484 de
778 2431 899 2487 Breunte
918 2427 994 2500 apud
1015 2441 1115 2502 regem

477 2518 591 2591 Angliaa
605 2525 737 2576 tueantur
747 2533 782 2576 ao
795 2517 961 2576 detendunt.

358 2637 526 2699 Honorius
536 2636 723 2713 episcopus,
732 2649 849 2697 servus
858 2650 1030 2697 servorum
1041 2633 1112 2708 Dei,

318 2733 503 2798 venerabili
533 2732 667 2795 fratri...
692 2733 945 2810 archiepiscopo
969 2734 1116 2796 cantua-

261 2887 277 2906 .
318 2833 435 2906 riensi,
451 2835 484 2893 S.
500 2835 539 2894 R.
561 2834 598 2892 E.
611 2828 787 2903 cardinali,
801 2831 836 2892 et
851 2830 1017 2892 nobilibus
1031 2830 1114 2892 viris

318 2931 358 2995 R.
380 2929 527 3002 Cestriae‚
544 2931 584 2990 U.
600 2929 642 2989 de
657 2927 819 2990 Pembroo
840 2928 1043 2989 marescalco
1059 2943 1115 2988 re-

319 3028 371 3104 gis
389 3028 528 3103 Angliae,
551 3029 605 3088 W.
628 3026 833 3100 Waranniae,
854 3029 890 3088 G.
912 3027 1111 3098 Gloverinae,

318 3127 373 3186 W.
399 3126 441 3187 de
465 3124 642 3185 Mantenitt
664 3123 843 3194 Excessiaa,
860 3124 894 3184 et
917 3125 971 3183 W.
995 3122 1114 3184 Alber-

319 3222 429 3284 malias
443 3222 626 3293 comitibus,
642 3223 682 3281 H.
704 3220 744 3281 de
760 3223 882 3296 Burgo,
900 3221 1040 3298 aliisque
1057 3236 1115 3281 ca-

319 3318 446 3381 rissimi
464 3319 500 3379 in
513 3318 643 3380 Christo
667 3317 728 3378 dlii
750 3317 855 3379 nostri
870 3317 1011 3379 illustris
1023 3318 1113 3394 regis

318 3417 503 3493 Anglorum
524 3415 738 3487 consiliariis,
765 3414 905 3477 salutem
924 3418 958 3478 et
970 3416 1114 3493 Aposto-

1169 2248 1257 2308 idem
1281 2263 1342 2310 rex
1364 2247 1464 2309 nimis
1482 2249 1669 2310 assueverit
1693 2263 1808 2326 preces
1836 2250 1972 2310 nostras

1169 2345 1342 2422 repellere,
1362 2349 1394 2408 et
1414 2346 1463 2407 eis
1484 2361 1584 2408 aures
1609 2347 1706 2423 quasi
1723 2345 1972 2423 praeteritorum

1170 2443 1353 2516 immemor,
1381 2445 1415 2505 et
1446 2443 1634 2506 futurarum
1668 2443 1884 2521 improvidus,
1908 2443 1972 2505 ob-

1169 2542 1273 2614 viare,
1299 2557 1360 2603 nos
1374 2543 1485 2604 tarnmr
1509 2543 1692 2619 sperantes
1715 2541 1801 2620 quod
1824 2543 1912 2604 sicut
1933 2543 1971 2602 in

1170 2640 1266 2700 aetate
1282 2637 1422 2716 prolicit,
1437 2640 1483 2700 ita
1497 2639 1614 2700 debeat
1629 2639 1664 2698 in
1677 2640 1802 2707 nostra,
1814 2639 1848 2700 et
1861 2641 1973 2715 Apos-

1169 2734 1277 2797 tolicae
1300 2735 1395 2798 Sedis
1421 2735 1597 2798 devotione
1624 2737 1797 2812 proficere,
1825 2751 1866 2797 ac
1890 2734 1969 2796 lidei

1169 2848 1262 2910 purae
1276 2833 1507 2906 constantiam,
1526 2849 1624 2912 quam
1638 2849 1718 2910 erga
1736 2835 1843 2911 ipsum
1859 2835 1893 2895 et
1907 2849 1972 2910 pa-

1169 2934 1254 2993 trem
1264 2933 1336 3009 ejus
1346 2931 1421 2992 aliis
1433 2930 1524 2992 aliud
1535 2931 1732 2993 iacientibus
1746 2931 1833 2992 idem
1842 2930 1970 2992 nobilis

1168 3029 1365 3090 inconcusse
1377 3029 1522 3090 servavit
1531 3029 1566 3088 in
1576 3030 1769 3090 memoriam
1779 3031 1967 3102 revocaret,

1169 3127 1278 3204 ipsum
1290 3125 1398 3187 adbuc
1412 3125 1593 3188 affectuose
1602 3128 1785 3205 rogandum
1797 3128 1966 3200 duximus,

1169 3225 1202 3287 et
1223 3226 1424 3286 monendum
1444 3241 1602 3302 expresse
1617 3225 1682 3287 sibi
1703 3242 1763 3302 per
1776 3228 1969 3302 Apostolica

1169 3322 1292 3400 scripta
1308 3324 1516 3395 mandantes,
1534 3324 1571 3385 ut
1584 3324 1765 3401 prudenter
1779 3325 1964 3395 attendens,

1170 3420 1256 3498 quod
1285 3422 1359 3497 post
1390 3422 1556 3494 divinum,
1585 3421 1618 3483 et
1643 3422 1841 3499 Apostolicae
1872 3422 1967 3483 Sedis

319 3516 419 3577 licam
434 3514 710 3577 benedictionem.
1168 3519 1331 3580 auxilium
1349 3520 1456 3595 potest
1471 3518 1660 3580 adscribere
1680 3519 1873 3596 specialiter
1889 3520 1967 3581 fidei

360 3613 556 3675 Recolentes
580 3610 657 3685 lida,
685 3611 846 3689 utiliaque
870 3612 1017 3683 servitia,
1039 3626 1113 3688 quae
1168 3617 1201 3679 et
1224 3617 1421 3678 constantiae
1445 3616 1568 3677 nobilis
1593 3618 1787 3694 supradicti,
1814 3618 1902 3694 quod
1924 3617 1965 3678 ad

319 3712 459 3773 dilectus
487 3711 576 3771 illius
608 3708 729 3771 nobilis
760 3710 814 3770 vir
846 3709 1041 3770 Fulclnesius
1073 3709 1113 3769 de
1168 3714 1296 3775 alienos
1317 3730 1383 3775 non
1397 3716 1448 3776 est
1461 3719 1533 3792 ejus
1555 3730 1654 3777 versa
1672 3715 1863 3787 haereditas,
1877 3715 1910 3777 et
1924 3716 1965 3777 ad

318 3811 462 3871 Breante
477 3809 576 3869 clarae
592 3808 760 3867 memoriae
780 3806 926 3868 iohanni
946 3806 1018 3881 regi
1039 3809 1112 3867 An·
1168 3811 1344 3871 extraneos
1364 3811 1480 3871 domus
1502 3826 1574 3883 sua,
1596 3812 1630 3873 et
1650 3811 1797 3883 offensae,
1823 3812 1966 3890 siquam

318 3906 460 3981 giorum,
475 3919 514 3963 ac
527 3918 566 3963 eo
579 3902 733 3963 defuncto
745 3902 921 3961 carissimo
933 3902 968 3961 in
982 3902 1113 3963 Christo
1168 3906 1252 3969 forte
1278 3908 1485 3984 postmodum
1518 3908 1703 3986 improvide
1731 3909 1796 3969 sibi
1824 3908 1903 3971 fecit
1930 3910 1966 3969 in

319 4003 389 4064 lilio
404 4003 516 4063 nostre
529 4000 684 4071 Henrico,
700 3999 823 4059 illustri
834 3998 906 4075 regi
917 3999 1112 4075 anglorum,
1167 4004 1335 4066 tantorum
1343 4005 1537 4067 meritorum
1546 4006 1740 4067 memoriam
1751 4005 1965 4078 obliviscens,

318 4100 398 4163 nato
412 4103 495 4176 ejus,
510 4100 659 4175 tempore
674 4112 811 4157 summae
825 4095 1034 4157 necessitatis
1048 4096 1114 4155 im·
1168 4103 1198 4163 ei
1207 4116 1266 4178 pro
1277 4118 1346 4163 suae
1357 4100 1432 4165 fidei
1443 4104 1572 4175 merito,
1583 4104 1615 4163 et
1625 4117 1760 4179 precum
1772 4103 1965 4165 nostrarum

318 4199 446 4278 pendit,
473 4213 512 4258 ao
531 4212 591 4273 per
609 4196 671 4257 boc
692 4210 768 4256 eum
791 4193 991 4271 apostolicae
1016 4193 1112 4254 Sedis
1167 4200 1326 4261 instantia
1349 4201 1492 4276 gratiam
1515 4216 1609 4261 suam
1628 4200 1755 4272 reddat,
1773 4202 1806 4262 et
1827 4216 1902 4261 cum
1925 4216 1965 4262 ea

318 4295 428 4373 gratia
441 4294 687 4371 prosequentes,
696 4293 736 4353 ad
752 4293 860 4369 ipsum
873 4308 985 4368 regem
998 4307 1058 4369 pro
1073 4306 1112 4352 eo
1166 4296 1290 4357 terram
1305 4298 1338 4359 et
1352 4298 1463 4359 omnia
1476 4296 1564 4359 bona
1582 4313 1654 4369 sua,
1673 4297 1758 4373 quod
1773 4313 1839 4359 non
1854 4298 1964 4359 minus

318 4410 386 4457 non
402 4392 508 4454 solum
520 4391 649 4452 litteras
662 4390 804 4461 nostras,
822 4390 878 4451 sed
897 4390 996 4452 etiam
1008 4404 1113 4450 unum
1167 4394 1231 4472 ipsi
1245 4395 1328 4471 regi,
1343 4411 1441 4471 quarn
1455 4393 1543 4455 dicto
1558 4394 1663 4455 nobili
1678 4395 1846 4457 credimus
1862 4411 1966 4472 expe-

319 4492 360 4553 de
371 4487 592 4552 familiaribus
602 4486 737 4557 nostris,
749 4486 819 4546 suis
829 4487 958 4548 meritis
969 4488 1112 4562 exigen-
1167 4492 1249 4564 dire,
1268 4508 1342 4553 cum
1363 4492 1475 4553 servor
1494 4490 1581 4563 ddei,
1604 4506 1703 4569 quam
1721 4492 1810 4553 idem
1829 4490 1963 4565 nobilis,

318 4588 418 4659 tibus,
433 4585 514 4666 [qui]
532 4585 628 4647 nobis
646 4578 697 4646 est
710 4584 798 4644 inter
811 4598 907 4645 caros
922 4578 1113 4659 specialiter
1167 4590 1203 4651 ut
1217 4605 1304 4665 saepe
1321 4588 1477 4661 diximus,
1492 4603 1572 4666 erga
1587 4589 1697 4667 ipsum
1712 4604 1836 4665 regem,
1852 4590 1883 4651 et
1905 4605 1965 4667 pa-

319 4700 428 4757 carus,
444 4682 601 4746 videlicet
620 4681 777 4743 dilectum
797 4680 902 4741 illium
917 4681 1111 4756 magistrum
1166 4687 1252 4748 trem
1286 4689 1358 4763 ejus
1393 4687 1579 4763 opportuno
1619 4687 1767 4763 tempore
1805 4687 1963 4749 habuisse

319 4782 536 4845 Octavianum
561 4777 801 4839 subdiaconum
835 4777 871 4839 et
902 4777 1111 4854 capellanum
1167 4781 1382 4860 dignoscitur,
1403 4785 1504 4846 etiam
1532 4784 1567 4844 in
1594 4783 1715 4846 affectu
1746 4784 1796 4846 tot
1828 4785 1963 4863 injuriis

318 4881 479 4951 1108111111,
510 4876 700 4938 curavimus
733 4874 911 4947 destinate,
936 4875 972 4937 ul
1004 4873 1112 4952 11181113
1167 4882 1265 4958 atque
1288 4880 1416 4943 damnis
1443 4897 1661 4958 perseverare
1686 4882 1867 4944 immobilis
1890 4882 1964 4958 dig-

318 4976 409 5053 regis
424 4976 552 5051 gratiae,
567 4988 665 5051 quam
679 4971 782 5033 nobili
795 4971 1003 5035 subtraxisse
1017 4972 1112 5034 dice·
1166 4978 1335 5039 noscatur.

317 5074 418 5137 batur
429 5072 546 5143 eidem,
557 5068 850 5131 reconciliaremus
861 5070 1029 5132 bominem
1042 5071 1112 5133 tam
1206 5074 1300 5137 Unda
1312 5075 1417 5148 decet,
1432 5076 1465 5138 et
1474 5074 1619 5153 expedit,
1637 5076 1673 5137 ut
1687 5076 1759 5153 ipse
1772 5092 1833 5139 rex
1846 5076 1960 5141 taliter

318 5170 504 5251 probatum,
524 5168 658 5245 tamque
676 5167 883 5243 prudentem,
905 5168 940 5229 et
959 5167 1062 5229 ddum
1075 5169 1111 5229 in
1167 5171 1358 5250 acquiescat
1372 5174 1496 5235 nostris
1525 5172 1715 5235 salubribus
1743 5174 1905 5247 consiliis,
1931 5175 1962 5236 et

320 5266 415 5347 quasi
441 5278 595 5340 suprema
615 5262 816 5324 necessitate
838 5263 1019 5338 repertum.
1047 5262 1111 5323 Sed
1166 5270 1343 5340 mandatis,
1360 5268 1446 5348 quod
1461 5286 1528 5331 non
1547 5270 1701 5332 videatur
1720 5286 1763 5331 ex
1783 5272 1846 5332 1100
1866 5288 1961 5332 suum

317 5369 391 5445 ipse
413 5378 474 5424 rex
494 5376 561 5422 110ss
583 5359 770 5433 advertens.
794 5359 880 5437 quod
904 5360 939 5421 in
963 5360 1026 5422 boc
1044 5375 1111 5421 non
1168 5369 1283 5430 contra
1307 5384 1368 5429 nos
1384 5368 1530 5429 animum
1546 5365 1750 5441 obfirmasse,
1766 5384 1805 5429 ao
1825 5384 1885 5445 per
1898 5369 1962 5429 boc

318 5462 426 5539 magis
449 5458 626 5521 utilitatem
648 5457 726 5518 dicti
750 5455 874 5519 nobilis
894 5473 993 5535 quam
1017 5473 1112 5519 suam
1167 5480 1228 5525 nos
1241 5481 1371 5543 quoque
1392 5464 1508 5527 contra
1524 5478 1600 5526 eum
1615 5466 1765 5527 nostrum
1783 5465 1961 5527 obfirmare

317 5559 487 5641 propriam
497 5554 807 5635 qvtaerebamus‚n00
822 5555 995 5618 attendens
1010 5570 1112 5634 quan·
1169 5560 1287 5625 merito
1299 5561 1490 5626 debeamus.
1507 5562 1656 5625 sciturus
1679 5562 1847 5642 quodnisi
1865 5562 1961 5625 nobis
