4217 6400
161 373 220 435 113

493 535 624 627 CLXV

159 693 212 756 Ad
225 691 380 754 abbatem
394 685 428 752 et
440 690 597 765 priorem
613 683 817 749 mortostertt
834 681 953 746 Sortott

378 790 528 864 Remiptt
543 787 734 847 Rcmensts.

447 918 482 974 18
493 916 567 990 junii
582 915 661 974 1226.

206 1041 305 1106 [Varin,
320 1038 442 1090 Archiraa
457 1039 489 1089 do
500 1039 529 1090 la
540 1038 602 1090 villa
612 1037 645 1088 da
655 1034 750 1095 lleims,
762 1035 783 1098 Ι,
793 1049 825 1096 11,
838 1033 907 1098 CCC]

157 1166 292 1238 Indulget
306 1165 349 1222 eis
364 1179 401 1220 ne
422 1178 473 1236 per
494 1162 713 1221 commissiones
732 1158 812 1218 Sedis
830 1157 952 1231 Aposto-

194 1255 259 1312 liee
271 1253 390 1326 quaeda
402 1257 506 1309 cetero
520 1251 556 1308 ad
569 1265 619 1308 eos
634 1248 782 1322 impetrari
791 1246 953 1320 contigerit,

195 1341 350 1416 procedere
361 1347 521 1408 teneantur,
536 1339 591 1396 nisi
603 1337 722 1396 iecerint
732 1336 767 1393 de
777 1334 955 1408 indulgentia

194 1427 360 1504 hujusmodl
376 1428 564 1486 mentionem.

198 1556 367 1617 Honorius
380 1555 565 1632 episcopus,
576 1569 691 1616 servus
701 1548 951 1620 serrorumDei,

156 1653 290 1714 dilectis
318 1651 397 1712 illita
422 1651 534 1713 abbati
562 1652 595 1712 et
627 1649 731 1727 priori
759 1645 954 1709 monasterii

161 1748 278 1812 Sancti
294 1748 437 1824 Remigii
452 1746 637 1818 RemensiS,
651 1746 713 1808 etc.

166 1892 170 1898 -
199 1850 227 1909 A
242 1845 338 1906 nobis
351 1845 523 1907 humiliter
534 1843 738 1920 postulastis,
752 1841 872 1902 utcum
889 1856 954 1900 non

157 1938 955 2019 habeatisjurisperitiam,etpropterjudiciorum

158 2039 335 2117 strepitum
346 2038 651 2114 contingatsanotae
666 2035 956 2112 contemplationis

158 2137 197 2198 in
225 2135 320 2198 vobis
349 2135 453 2196 otium
477 2133 642 2210 impediri,
673 2133 820 2193 eximere
847 2147 907 2193 vos
936 2146 956 2191 a

159 2231 433 2295 commissionum
446 2232 636 2292 nostrarum
648 2227 873 2290 sollicitudIne
888 2228 956 2303 dig-

156 2345 327 2391 naremur.
342 2330 412 2390 Nos
425 2344 504 2404 ergo
519 2327 640 2389 vestris
656 2323 955 2403 supplicationibus

159 2419 358 2498 annuentes,
396 2424 564 2487 devotioni
603 2424 723 2486 vestrae
758 2421 956 2485 auctoritate

158 2523 376 2602 praesentium
398 2522 619 2598 indulgemus,
645 2537 689 2582 ne
719 2536 779 2598 per
800 2519 956 2581 commis-

158 2621 271 2682 siones
287 2619 430 2690 nostrae,
448 2635 531 2695 quas
553 2618 594 2678 de
615 2617 736 2679 caetero
757 2617 799 2677 ad
817 2632 876 2678 ros
891 2616 956 2676 im-

157 2716 287 2795 petrari
325 2714 512 2790 contigerit,
549 2714 728 2792 procedere
760 2712 954 2784 teneamini,

158 2813 228 2874 nisi
238 2812 379 2872 iecerint
388 2812 427 2871 de
438 2810 646 2886 indulgentia
657 2809 848 2887 hujusmodi
861 2825 956 2869 men-

159 2909 298 2970 tionem.
321 2908 414 2970 Nulli
436 2922 526 2982 ergo,
553 2908 616 2968 etc.
642 2908 761 2968 Datum
785 2905 953 2977 Laterani,

159 3008 239 3066 XIII
249 3003 505 3080 kalendasjulii,
521 3003 735 3081 pontificatus
748 3004 854 3065 1100111
867 3017 955 3063 anno

162 3102 302 3164 decimo.

481 3314 633 3401 CLXVI

180 3468 233 3526 Ad
252 3464 408 3526 abbatem
426 3466 460 3526 et
478 3464 685 3525 conventum
705 3464 747 3523 de
766 3463 933 3533 Possetet,

361 3564 595 3637 Cluniacensis
610 3562 756 3622 ordinis.

451 3692 485 3748 19
496 3691 569 3762 junii
585 3691 664 3749 1226.

316 3812 422 3877 [Regist.
435 3819 546 3863 monast.
558 3814 588 3864 de
599 3813 721 3873 Passolet,
733 3811 801 3877 111]

161 3938 210 3996 Eis
224 3936 354 3993 concedit
376 3942 406 3993 ut
425 3935 553 3994 redditus
571 3936 711 4008 mrosdam
730 3936 904 3993 monasterio
919 3934 955 3992 ad

196 4024 433 4085 sustentationem
453 4023 570 4080 fratrum
585 4032 613 4081 et
633 4023 777 4096 hospitum
792 4023 954 4096 deputatos,

196 4124 268 4180 quos
286 4107 455 4179 quibusdam
470 4107 656 4165 familiaribus
673 4111 744 4177 suis,
760 4110 854 4180 quoad
872 4111 952 4167 vive·

195 4204 269 4264 rent,
283 4202 496 4265 concesserant,
511 4194 546 4251 ad
562 4210 630 4251 usus
644 4194 807 4268 hujusmodi
825 4198 955 4254 revocari

196 4285 317 4371 possint.

197 4410 953 4487 Ηο110111100010000110,001111000110110οΒ01,

158 4508 290 4569 dilectis
314 4507 392 4567 illlis
408 4507 529 4569 abbati
550 4509 583 4568 et
606 4506 786 4569 conventui
810 4506 851 4566 do
872 4510 956 4567 Pas-

158 4606 251 4678 selet,
266 4604 497 4665 Cluniacensis
512 4604 650 4677 ordiniS,
663 4604 805 4665 salutem
816 4605 957 4680 etApos·

159 4702 295 4764 tolicam
309 4701 586 4763 benedictionem.

196 4802 225 4861 A
258 4798 355 4860 nobis
383 4796 556 4859 humiliter
583 4797 788 4874 postulastis,
816 4798 853 4860 ut
880 4814 955 4859 cum

159 4911 257 4958 nemo
282 4896 407 4957 sentire
430 4894 548 4956 debeat
569 4910 639 4956 snae
663 4893 875 4976 liberalitatis
899 4896 955 4956 in·

159 4993 380 5065 commodum,
405 5009 447 5054 ne
472 4993 516 5054 sit
542 4992 770 5054 munificentia
794 4992 953 5070 captiosa,

159 5091 200 5151 de
213 5092 328 5151 nostra
338 5090 473 5167 possitis
489 5090 624 5151 licentia
634 5090 783 5151 redditus
794 5090 955 5167 quosdam

158 5188 361 5249 monasterio
384 5189 496 5248 vostro
520 5187 562 5247 ad
587 5188 860 5248 sustentationem
885 5187 956 5249 ira-

158 5288 246 5349 trnm
255 5287 287 5347 et
296 5285 462 5362 hospitum
470 5284 654 5361 deputatos,
666 5300 749 5361 quos
757 5284 953 5363 quibusdam

779 364 1011 428 EPISTOLAE.
1032 365 1113 426 LIB.
1135 363 1176 424 X.

1741 355 1800 418 114

1006 521 1228 584 familiaribus
1240 515 1371 592 vestris,
1386 515 1494 597 quoad
1506 513 1668 586 viverent,
1681 513 1802 576 libera-

1006 620 1084 681 liter
1098 618 1321 689 concessistis,
1338 617 1379 678 ad
1395 632 1475 677 usus
1490 611 1680 692 hujusmodi
1701 627 1800 674 revo-

1007 731 1095 778 care.
1122 716 1191 777 Nos
1216 717 1327 776 autem
1352 713 1473 775 vestris
1501 709 1799 789 supplicationibus

1007 813 1171 884 inclinati,
1187 811 1353 874 devotioni
1366 813 1485 872 1001100
1496 808 1710 886 praesentium
1724 821 1801 868 auc·

1007 911 1142 973 toritate
1167 907 1391 976 concedimus,
1426 907 1472 980 ut,
1503 907 1628 967 eisdem
1655 903 1801 967 familia-

1008 1007 1108 1078 ribus,
1135 1005 1380 1076 decedentibus,
1415 1004 1449 1065 id
1483 1004 1615 1066 efficere
1648 1001 1799 1064 valeatis.

1008 1105 1102 1166 Nulli
1128 1119 1207 1179 ergo
1234 1102 1369 1166 omnino
1395 1101 1566 1162 hominum
1590 1099 1690 1162 liceat
1714 1099 1802 1160 hanc
1879 1153 1887 1169 ,

1009 1202 1165 1278 paginam
1177 1200 1298 1262 nostrae
1309 1197 1534 1262 concessionis
1542 1195 1734 1272 intringere,
1748 1195 1802 1258 vel

1009 1300 1041 1361 ei
1054 1315 1140 1360 ausu
1160 1298 1337 1360 temerario
1352 1295 1530 1359 contraire.
1551 1294 1588 1356 Si
1603 1293 1676 1372 quis
1691 1292 1802 1354 autem

1009 1396 1073 1458 hoo
1086 1395 1248 1458 attentare
1263 1392 1522 1472 praesumpserit,
1538 1389 1802 1468 indignationem

1011 1493 1246 1570 omnipotentis
1257 1491 1316 1552 Dei
1332 1492 1364 1552 01
1374 1491 1546 1552 beatorum
1556 1488 1647 1550 Petri
1661 1487 1694 1548 et
1704 1485 1802 1546 Pauli

1009 1588 1238 1667 apostolorum
1266 1590 1338 1664 ejus
1364 1602 1401 1647 se
1423 1584 1555 1648 noverit
1576 1584 1800 1644 incursurum.

1009 1687 1129 1749 Datum
1144 1685 1311 1756 Laterani,
1329 1685 1406 1744 Xlll
1421 1681 1581 1744 kalendas
1593 1680 1693 1758 junii,
1716 1693 1802 1756 pon-

1009 1784 1156 1847 tificatus
1170 1783 1278 1846 nostri
1293 1797 1381 1844 anno
1398 1779 1537 1842 decimo.

1323 2028 1496 2117 CLXVII

1010 2183 1063 2243 Act
1085 2181 1307 2244 0000010001
1331 2183 1512 2242 oaoorrtcos
1540 2177 1801 2240 Westorteases.

1306 2309 1339 2366 19
1351 2308 1424 2382 junii
1437 2308 1515 2366 1226.

1146 2430 1288 2498 [Gndenns,
1301 2431 1362 2482 Cod.
1376 2431 1439 2495 dipl.
1449 2429 1575 2490 anecdot,
1591 2431 1623 2492 V,
1635 2427 1672 2494 t]

1073 2558 1123 2616 Eis
1138 2556 1331 2630 parochialem
1345 2555 1498 2614 ecclesiam
1512 2555 1737 2614 Westariensem

1329 2643 1490 2702 confirmat.

1049 2761 1720 2838 Honorinsepiscopns,servusservorum
1731 2757 1803 2830 Dei,
1920 2785 1925 2792 ·

1011 2857 1141 2918 dilectis
1156 2858 1271 2918 illiis...
1289 2857 1415 2918 decano
1430 2858 1463 2918 et
1480 2855 1650 2918 canonicis
1670 2855 1806 2916 Wosta-

1010 2954 1188 3022 riensibus,
1206 2955 1393 3016 salutemet
1408 2953 1631 3030 Apostolioam
1646 2951 1806 3014 benedic-

1009 3053 1146 3115 tionem.

1049 3152 1130 3211 (tum
1149 3165 1169 3211 a
1190 3149 1286 3211 nobis
1308 3148 1431 3226 petitur
1450 3149 1536 3225 quod
1555 3146 1682 3225 justum
1702 3146 1752 3210 est
1773 3146 1807 3210 et

1009 3246 1196 3319 honestum,
1212 3248 1280 3310 tam
1295 3248 1392 3323 vigor
1410 3246 1588 3323 aequitatis
1606 3261 1704 3324 quam
1724 3245 1806 3306 ordo

1010 3346 1116 3419 exigit
1129 3345 1282 3416 rationis,
1304 3346 1340 3405 ut
1353 3345 1387 3405 id
1407 3360 1466 3421 per
1481 3344 1740 3405 sollicitudinem
1754 3341 1808 3404 ol·
1869 3400 1873 3417 ,

1009 3442 1078 3502 ficii
1093 3442 1200 3504 nostri
1212 3443 1253 3502 ad
1266 3441 1412 3503 debiturn
1426 3442 1628 3517 perducatur
1639 3441 1805 3502 effectum.

1009 3538 1206 3615 Eapropter,
1231 3538 1344 3601 dilecti
1367 3539 1403 3599 in
1427 3539 1566 3600 Domino
1587 3536 1659 3609 lilii,
1684 3536 1806 3598 restris

1006 3635 1107 3711 justis
1136 3635 1415 3713 postulationibus
1443 3634 1538 3711 grato
1568 3635 1805 3695 concurrentes

1009 3748 1160 3805 assensu,
1196 3733 1423 3810 parochialem
1459 3730 1634 3794 ecclesiam
1669 3732 1806 3793 Westa-

1008 3831 1166 3901 riensem,
1187 3830 1228 3891 ad
1247 3846 1308 3891 vos
1323 3832 1355 3891 01
1371 3830 1517 3891 vestram
1538 3828 1713 3889 eeclesiam
1728 3843 1808 3905 per-

1008 3927 1181 3996 tinentem,
1198 3927 1285 3989 sicut
1299 3943 1372 3988 eam
1391 3927 1492 4004 juste,
1510 3926 1670 3987 canonice
1688 3940 1727 3986 ac
1742 3941 1807 4002 pa-

1009 4025 1104 4085 cillce
1126 4024 1315 4102 possidetis,
1340 4024 1373 4086 01
1399 4025 1433 4084 in
1462 4024 1582 4086 litteris
1604 4022 1807 4085 venerabilis

1009 4120 1124 4185 fratris
1149 4123 1292 4183 nostri...
1322 4122 1538 4182 Treverensis
1563 4120 1807 4197 archiepiscopi

1009 4219 1132 4280 dicitnr
1150 4219 1281 4294 plenius
1303 4218 1479 4288 contineri,
1496 4217 1602 4290 101110,
1620 4218 1653 4279 01
1667 4233 1727 4294 per
1744 4232 1805 4281 100
1856 4277 1862 4290 ,

1010 4315 1117 4374 eidem
1132 4313 1282 4375 ecclesiae
1297 4315 1428 4384 vestrae,
1446 4315 1644 4377 auctoritate
1659 4315 1805 4391 Aposto-

1008 4412 1074 4471 lica
1087 4410 1322 4471 confirmamus
1335 4413 1368 4472 01
1382 4412 1559 4488 praesentis
1574 4412 1689 4488 scripti
1705 4412 1807 4488 privi-

1009 4506 1098 4582 legio
1134 4508 1386 4569 communimus.
1429 4508 1523 4571 Nulli
1556 4524 1635 4583 ergo
1671 4508 1805 4583 omnino

1010 4604 1180 4665 hominurn
1196 4604 1295 4668 liceat
1311 4606 1398 4667 hanc
1412 4606 1568 4683 paginam
1588 4607 1710 4668 nostrae
1726 4621 1809 4667 con-

1009 4702 1208 4764 firmationis
1218 4702 1413 4778 intringere,
1425 4702 1479 4764 vel
1489 4703 1521 4763 01
1532 4718 1616 4763 011011
1627 4704 1806 4764 1011010110

1009 4800 1189 4861 contraire.
1207 4799 1242 4859 Si
1257 4799 1331 4875 quis
1344 4801 1455 4861 autem
1470 4800 1534 4860 hoo
1546 4801 1709 4860 attentare
1725 4814 1807 4874 prae·

1009 4898 1197 4973 sumpserit,
1209 4897 1473 4973 indignationem
1484 4896 1719 4972 omnipotentis
1732 4897 1803 4970 Dei,

1009 4993 1042 5055 01
1064 4993 1237 5055 beatorum
1262 4994 1353 5055 Petri
1378 4995 1412 5054 et
1444 4993 1542 5053 Pauli
1578 4993 1805 5070 apostolorum

1009 5094 1093 5167 ejus,
1113 5106 1149 5152 se
1168 5091 1300 5152 noverit
1318 5090 1542 5151 incursurum.
1568 5092 1686 5154 Datum
1706 5094 1806 5153 Late-

1009 5189 1095 5261 rani,
1112 5190 1189 5249 ΧΙΙΙ
1204 5187 1366 5249 kalendas
1382 5188 1472 5266 julii,
1494 5188 1706 5264 pontificatus
1725 5205 1807 5251 nos-

1008 5286 1053 5349 tri
1066 5301 1154 5348 anno
1169 5285 1307 5347 decimo.
