<?xml version="1.0" encoding="UTF-8"?>
<!DOCTYPE html PUBLIC "-//W3C//DTD XHTML 1.0 Transitional//EN"
    "http://www.w3.org/TR/xhtml1/DTD/xhtml1-transitional.dtd">
<html xmlns="http://www.w3.org/1999/xhtml" xml:lang="en" lang="en">
 <head>
  <title>
</title>
<meta http-equiv="Content-Type" content="text/html;charset=utf-8" />
  <meta name='ocr-system' content='tesseract 3.04.00' />
  <meta name='ocr-capabilities' content='ocr_page ocr_carea ocr_par ocr_line ocrx_word'/>
</head>
<body>
  <div class='ocr_page' id='page_1' title='image "./mediiaevibiblio08bottgoog_0056.png"; bbox 0 0 4217 6400; ppageno 0'>
   <div class='ocr_carea' id='block_1_1' title="bbox 334 319 1980 390">
    <p class='ocr_par' dir='ltr' id='par_1_1' title="bbox 334 319 1980 390">
     <span class='ocr_line' id='line_1_1' title="bbox 334 319 1980 390; baseline -0.006 -2"><span class='ocrx_word' id='word_1_1' title='bbox 334 328 372 390; x_wconf 88' lang='grc'>71</span> <span class='ocrx_word' id='word_1_2' title='bbox 949 321 1125 385; x_wconf 84' lang='lat' dir='ltr'>HONORII</span> <span class='ocrx_word' id='word_1_3' title='bbox 1147 321 1192 382; x_wconf 90' lang='lat'>111</span> <span class='ocrx_word' id='word_1_4' title='bbox 1213 321 1362 382; x_wconf 80' lang='lat' dir='ltr'><strong>OPERA.</strong></span> <span class='ocrx_word' id='word_1_5' title='bbox 1936 319 1980 378; x_wconf 80' lang='lat'>72</span> 
     </span>
    </p>
   </div>
   <div class='ocr_carea' id='block_1_2' title="bbox 270 473 1982 1045">
    <p class='ocr_par' dir='ltr' id='par_1_2' title="bbox 270 473 1982 1045">
     <span class='ocr_line' id='line_1_2' title="bbox 330 473 1981 564; baseline -0.006 -18"><span class='ocrx_word' id='word_1_6' title='bbox 330 488 408 564; x_wconf 77' lang='lat' dir='ltr'>jure</span> <span class='ocrx_word' id='word_1_7' title='bbox 422 484 581 563; x_wconf 90' lang='lat' dir='ltr'>perpetuo</span> <span class='ocrx_word' id='word_1_8' title='bbox 596 482 795 545; x_wconf 88' lang='lat' dir='ltr'>contulimus</span> <span class='ocrx_word' id='word_1_9' title='bbox 808 481 1057 559; x_wconf 68' lang='lat' dir='ltr'>possidendam</span> <span class='ocrx_word' id='word_1_10' title='bbox 1073 481 1126 542; x_wconf 81' lang='lat' dir='ltr'>vi·</span> <span class='ocrx_word' id='word_1_11' title='bbox 1180 479 1245 552; x_wconf 89' lang='lat' dir='ltr'>nis,</span> <span class='ocrx_word' id='word_1_12' title='bbox 1283 495 1357 556; x_wconf 81' lang='lat' dir='ltr'>quaa</span> <span class='ocrx_word' id='word_1_13' title='bbox 1384 479 1419 539; x_wconf 93' lang='lat' dir='ltr'>in</span> <span class='ocrx_word' id='word_1_14' title='bbox 1446 475 1698 554; x_wconf 81' lang='lat' dir='ltr'>praesentiarum</span> <span class='ocrx_word' id='word_1_15' title='bbox 1730 473 1981 538; x_wconf 80' lang='lat' dir='ltr'>rationabiliter</span> 
     </span>
     <span class='ocr_line' id='line_1_3' title="bbox 270 574 1982 658; baseline -0.005 -16"><span class='ocrx_word' id='word_1_16' title='bbox 270 581 281 592; x_wconf 86' lang='lat'><strong><em>&#39;</em></strong></span> <span class='ocrx_word' id='word_1_17' title='bbox 335 581 465 654; x_wconf 81' lang='lat' dir='ltr'>delicet,</span> <span class='ocrx_word' id='word_1_18' title='bbox 482 581 568 658; x_wconf 85' lang='lat' dir='ltr'>quod</span> <span class='ocrx_word' id='word_1_19' title='bbox 594 580 705 640; x_wconf 89' lang='lat' dir='ltr'>nullus</span> <span class='ocrx_word' id='word_1_20' title='bbox 720 579 838 650; x_wconf 88' lang='lat' dir='ltr'>banus,</span> <span class='ocrx_word' id='word_1_21' title='bbox 864 579 976 639; x_wconf 91' lang='lat' dir='ltr'>nullus</span> <span class='ocrx_word' id='word_1_22' title='bbox 1002 592 1124 647; x_wconf 91' lang='lat' dir='ltr'>comes,</span> <span class='ocrx_word' id='word_1_23' title='bbox 1180 577 1369 654; x_wconf 89' lang='lat' dir='ltr'>possidetis,</span> <span class='ocrx_word' id='word_1_24' title='bbox 1394 577 1452 637; x_wconf 91' lang='lat' dir='ltr'>aut</span> <span class='ocrx_word' id='word_1_25' title='bbox 1473 576 1509 636; x_wconf 92' lang='lat' dir='ltr'>in</span> <span class='ocrx_word' id='word_1_26' title='bbox 1522 575 1668 636; x_wconf 88' lang='lat' dir='ltr'>iuturum</span> <span class='ocrx_word' id='word_1_27' title='bbox 1679 575 1781 651; x_wconf 85' lang='lat' dir='ltr'>justis</span> <span class='ocrx_word' id='word_1_28' title='bbox 1796 574 1903 635; x_wconf 92' lang='lat' dir='ltr'>modis</span> <span class='ocrx_word' id='word_1_29' title='bbox 1917 589 1982 650; x_wconf 89' lang='lat' dir='ltr'>po-</span> 
     </span>
     <span class='ocr_line' id='line_1_4' title="bbox 334 672 1979 753; baseline -0.004 -15"><span class='ocrx_word' id='word_1_30' title='bbox 334 677 448 738; x_wconf 90' lang='lat' dir='ltr'>nullus</span> <span class='ocrx_word' id='word_1_31' title='bbox 457 677 600 753; x_wconf 90' lang='lat' dir='ltr'>bajulus,</span> <span class='ocrx_word' id='word_1_32' title='bbox 613 676 683 736; x_wconf 86' lang='lat' dir='ltr'>sive</span> <span class='ocrx_word' id='word_1_33' title='bbox 697 674 940 751; x_wconf 88' lang='lat' dir='ltr'>quilibetalius,</span> <span class='ocrx_word' id='word_1_34' title='bbox 951 689 1053 750; x_wconf 89' lang='lat' dir='ltr'>super</span> <span class='ocrx_word' id='word_1_35' title='bbox 1065 687 1126 748; x_wconf 91' lang='lat' dir='ltr'>po-</span> <span class='ocrx_word' id='word_1_36' title='bbox 1180 675 1289 735; x_wconf 85' lang='lat' dir='ltr'>teritis</span> <span class='ocrx_word' id='word_1_37' title='bbox 1313 673 1465 750; x_wconf 83' lang='lat' dir='ltr'>adipisci,</span> <span class='ocrx_word' id='word_1_38' title='bbox 1493 673 1554 734; x_wconf 92' lang='lat' dir='ltr'>sub</span> <span class='ocrx_word' id='word_1_39' title='bbox 1578 673 1667 734; x_wconf 86' lang='lat' dir='ltr'>beati</span> <span class='ocrx_word' id='word_1_40' title='bbox 1692 672 1783 733; x_wconf 90' lang='lat' dir='ltr'>Petri</span> <span class='ocrx_word' id='word_1_41' title='bbox 1807 674 1842 733; x_wconf 88' lang='lat' dir='ltr'>ei</span> <span class='ocrx_word' id='word_1_42' title='bbox 1862 674 1979 733; x_wconf 89' lang='lat' dir='ltr'>nostra</span> 
     </span>
     <span class='ocr_line' id='line_1_5' title="bbox 334 769 1979 851; baseline -0.003 -17"><span class='ocrx_word' id='word_1_43' title='bbox 334 775 460 851; x_wconf 89' lang='lat' dir='ltr'>pulum,</span> <span class='ocrx_word' id='word_1_44' title='bbox 490 775 526 833; x_wconf 93' lang='lat' dir='ltr'>in</span> <span class='ocrx_word' id='word_1_45' title='bbox 556 771 715 848; x_wconf 89' lang='lat' dir='ltr'>praedicta</span> <span class='ocrx_word' id='word_1_46' title='bbox 740 773 830 832; x_wconf 89' lang='lat' dir='ltr'>terra</span> <span class='ocrx_word' id='word_1_47' title='bbox 856 771 1124 840; x_wconf 81' lang='lat' dir='ltr'>commorantem,</span> <span class='ocrx_word' id='word_1_48' title='bbox 1180 772 1384 847; x_wconf 90' lang='lat' dir='ltr'>protectione</span> <span class='ocrx_word' id='word_1_49' title='bbox 1408 772 1620 847; x_wconf 83' lang='lat' dir='ltr'>suscipimus.</span> <span class='ocrx_word' id='word_1_50' title='bbox 1649 769 1847 846; x_wconf 88' lang='lat' dir='ltr'>Specialiter</span> <span class='ocrx_word' id='word_1_51' title='bbox 1865 770 1979 830; x_wconf 89' lang='lat' dir='ltr'>autem</span> 
     </span>
     <span class='ocr_line' id='line_1_6' title="bbox 336 866 1979 948; baseline -0.003 -17"><span class='ocrx_word' id='word_1_52' title='bbox 336 871 460 948; x_wconf 83' lang='lat' dir='ltr'>absque</span> <span class='ocrx_word' id='word_1_53' title='bbox 472 869 607 930; x_wconf 84' lang='lat' dir='ltr'>licentia</span> <span class='ocrx_word' id='word_1_54' title='bbox 621 869 654 929; x_wconf 89' lang='lat' dir='ltr'>et</span> <span class='ocrx_word' id='word_1_55' title='bbox 669 868 837 929; x_wconf 86' lang='lat' dir='ltr'>voluntate</span> <span class='ocrx_word' id='word_1_56' title='bbox 849 866 987 928; x_wconf 78' lang='lat' dir='ltr'>fratrum</span> <span class='ocrx_word' id='word_1_57' title='bbox 1000 866 1127 941; x_wconf 88' lang='lat' dir='ltr'>Templi</span> <span class='ocrx_word' id='word_1_58' title='bbox 1181 867 1351 930; x_wconf 84' lang='lat' dir='ltr'>libertates</span> <span class='ocrx_word' id='word_1_59' title='bbox 1363 869 1396 928; x_wconf 87' lang='lat' dir='ltr'>et</span> <span class='ocrx_word' id='word_1_60' title='bbox 1414 868 1651 938; x_wconf 88' lang='lat' dir='ltr'>immunitates,</span> <span class='ocrx_word' id='word_1_61' title='bbox 1666 869 1775 928; x_wconf 86' lang='lat' dir='ltr'>terras</span> <span class='ocrx_word' id='word_1_62' title='bbox 1790 867 1824 927; x_wconf 89' lang='lat' dir='ltr'>et</span> <span class='ocrx_word' id='word_1_63' title='bbox 1838 882 1979 943; x_wconf 91' lang='lat' dir='ltr'>posses-</span> 
     </span>
     <span class='ocr_line' id='line_1_7' title="bbox 335 964 1976 1045; baseline -0.004 -16"><span class='ocrx_word' id='word_1_64' title='bbox 335 967 514 1045; x_wconf 88' lang='lat' dir='ltr'>praesumat</span> <span class='ocrx_word' id='word_1_65' title='bbox 528 965 739 1037; x_wconf 88' lang='lat' dir='ltr'>descendere,</span> <span class='ocrx_word' id='word_1_66' title='bbox 756 965 808 1027; x_wconf 82' lang='lat' dir='ltr'>vel</span> <span class='ocrx_word' id='word_1_67' title='bbox 824 965 931 1041; x_wconf 88' lang='lat' dir='ltr'>ipsum</span> <span class='ocrx_word' id='word_1_68' title='bbox 947 979 1047 1039; x_wconf 88' lang='lat' dir='ltr'>super</span> <span class='ocrx_word' id='word_1_69' title='bbox 1062 979 1125 1023; x_wconf 82' lang='lat' dir='ltr'>ex·</span> <span class='ocrx_word' id='word_1_70' title='bbox 1182 965 1304 1035; x_wconf 92' lang='lat' dir='ltr'>siones,</span> <span class='ocrx_word' id='word_1_71' title='bbox 1333 981 1415 1041; x_wconf 86' lang='lat' dir='ltr'>quas</span> <span class='ocrx_word' id='word_1_72' title='bbox 1447 965 1543 1025; x_wconf 89' lang='lat' dir='ltr'>bonae</span> <span class='ocrx_word' id='word_1_73' title='bbox 1574 965 1745 1025; x_wconf 83' lang='lat' dir='ltr'>memoriae</span> <span class='ocrx_word' id='word_1_74' title='bbox 1767 964 1976 1039; x_wconf 80' lang='lat' dir='ltr'>Willegisus,</span> 
     </span>
    </p>
   </div>
   <div class='ocr_carea' id='block_1_3' title="bbox 234 1048 1980 1139">
    <p class='ocr_par' dir='ltr' id='par_1_3' title="bbox 234 1048 1980 1139">
     <span class='ocr_line' id='line_1_8' title="bbox 234 1048 1980 1139; baseline -0.003 -13"><span class='ocrx_word' id='word_1_75' title='bbox 234 1048 240 1060; x_wconf 74' lang='grc'>’</span> <span class='ocrx_word' id='word_1_76' title='bbox 334 1065 465 1126; x_wconf 88' lang='lat' dir='ltr'>actione</span> <span class='ocrx_word' id='word_1_77' title='bbox 477 1063 618 1139; x_wconf 76' lang='lat' dir='ltr'>alicuius</span> <span class='ocrx_word' id='word_1_78' title='bbox 632 1063 780 1123; x_wconf 82' lang='lat' dir='ltr'>collectae</span> <span class='ocrx_word' id='word_1_79' title='bbox 793 1077 874 1122; x_wconf 90' lang='lat' dir='ltr'>casu</span> <span class='ocrx_word' id='word_1_80' title='bbox 888 1061 1036 1138; x_wconf 88' lang='lat' dir='ltr'>quolibet</span> <span class='ocrx_word' id='word_1_81' title='bbox 1050 1075 1126 1120; x_wconf 88' lang='lat' dir='ltr'>mo·</span> <span class='ocrx_word' id='word_1_82' title='bbox 1181 1063 1452 1138; x_wconf 87' lang='lat' dir='ltr'>archiepiscopus</span> <span class='ocrx_word' id='word_1_83' title='bbox 1465 1063 1692 1137; x_wconf 83' lang='lat' dir='ltr'>Maguntinus,</span> <span class='ocrx_word' id='word_1_84' title='bbox 1714 1063 1747 1122; x_wconf 92' lang='lat' dir='ltr'>et</span> <span class='ocrx_word' id='word_1_85' title='bbox 1765 1077 1980 1122; x_wconf 88' lang='lat' dir='ltr'>successores</span> 
     </span>
    </p>
   </div>
   <div class='ocr_carea' id='block_1_4' title="bbox 334 1156 1982 1913">
    <p class='ocr_par' dir='ltr' id='par_1_4' title="bbox 334 1156 1982 1913">
     <span class='ocr_line' id='line_1_9' title="bbox 334 1156 1978 1236; baseline -0.001 -16"><span class='ocrx_word' id='word_1_86' title='bbox 334 1160 474 1236; x_wconf 90' lang='lat' dir='ltr'>lestare;</span> <span class='ocrx_word' id='word_1_87' title='bbox 490 1162 523 1221; x_wconf 87' lang='lat' dir='ltr'>et</span> <span class='ocrx_word' id='word_1_88' title='bbox 545 1159 580 1219; x_wconf 92' lang='lat' dir='ltr'>in</span> <span class='ocrx_word' id='word_1_89' title='bbox 595 1160 839 1236; x_wconf 87' lang='lat' dir='ltr'>possessionem</span> <span class='ocrx_word' id='word_1_90' title='bbox 860 1159 959 1219; x_wconf 83' lang='lat' dir='ltr'>terrae</span> <span class='ocrx_word' id='word_1_91' title='bbox 980 1156 1127 1233; x_wconf 82' lang='lat' dir='ltr'>praelatae</span> <span class='ocrx_word' id='word_1_92' title='bbox 1181 1159 1297 1236; x_wconf 89' lang='lat' dir='ltr'>ipsius,</span> <span class='ocrx_word' id='word_1_93' title='bbox 1311 1159 1449 1235; x_wconf 89' lang='lat' dir='ltr'>capituli</span> <span class='ocrx_word' id='word_1_94' title='bbox 1462 1160 1515 1218; x_wconf 90' lang='lat' dir='ltr'>sui</span> <span class='ocrx_word' id='word_1_95' title='bbox 1531 1159 1708 1220; x_wconf 86' lang='lat' dir='ltr'>accedente</span> <span class='ocrx_word' id='word_1_96' title='bbox 1722 1173 1897 1229; x_wconf 86' lang='lat' dir='ltr'>consensu,</span> <span class='ocrx_word' id='word_1_97' title='bbox 1915 1173 1978 1219; x_wconf 90' lang='lat' dir='ltr'>eo-</span> 
     </span>
     <span class='ocr_line' id='line_1_10' title="bbox 334 1254 1979 1332; baseline -0.001 -14"><span class='ocrx_word' id='word_1_98' title='bbox 334 1257 456 1318; x_wconf 86' lang='lat' dir='ltr'>iratres</span> <span class='ocrx_word' id='word_1_99' title='bbox 470 1257 586 1318; x_wconf 89' lang='lat' dir='ltr'>domus</span> <span class='ocrx_word' id='word_1_100' title='bbox 596 1255 723 1332; x_wconf 84' lang='lat' dir='ltr'>Templi</span> <span class='ocrx_word' id='word_1_101' title='bbox 738 1271 798 1332; x_wconf 91' lang='lat' dir='ltr'>per</span> <span class='ocrx_word' id='word_1_102' title='bbox 808 1254 1035 1331; x_wconf 85' lang='lat' dir='ltr'>Yobagionem</span> <span class='ocrx_word' id='word_1_103' title='bbox 1048 1270 1129 1315; x_wconf 87' lang='lat' dir='ltr'>nos·</span> <span class='ocrx_word' id='word_1_104' title='bbox 1182 1256 1295 1316; x_wconf 84' lang='lat' dir='ltr'>clasiae</span> <span class='ocrx_word' id='word_1_105' title='bbox 1308 1257 1429 1318; x_wconf 78' lang='lat' dir='ltr'>vestrae</span> <span class='ocrx_word' id='word_1_106' title='bbox 1452 1257 1630 1326; x_wconf 91' lang='lat' dir='ltr'>donarunt,</span> <span class='ocrx_word' id='word_1_107' title='bbox 1653 1271 1693 1316; x_wconf 89' lang='lat' dir='ltr'>ac</span> <span class='ocrx_word' id='word_1_108' title='bbox 1712 1254 1780 1316; x_wconf 90' lang='lat' dir='ltr'>alia</span> <span class='ocrx_word' id='word_1_109' title='bbox 1794 1255 1881 1316; x_wconf 89' lang='lat' dir='ltr'>bona</span> <span class='ocrx_word' id='word_1_110' title='bbox 1895 1272 1979 1317; x_wconf 88' lang='lat' dir='ltr'>ves-</span> 
     </span>
     <span class='ocr_line' id='line_1_11' title="bbox 335 1351 1981 1430; baseline -0.001 -14"><span class='ocrx_word' id='word_1_111' title='bbox 335 1354 434 1426; x_wconf 85' lang='lat' dir='ltr'>trum,</span> <span class='ocrx_word' id='word_1_112' title='bbox 454 1353 709 1414; x_wconf 89' lang='lat' dir='ltr'>Duodomerium</span> <span class='ocrx_word' id='word_1_113' title='bbox 724 1353 889 1423; x_wconf 90' lang='lat' dir='ltr'>comitem,</span> <span class='ocrx_word' id='word_1_114' title='bbox 911 1351 1049 1413; x_wconf 88' lang='lat' dir='ltr'>tacimus</span> <span class='ocrx_word' id='word_1_115' title='bbox 1069 1351 1126 1410; x_wconf 90' lang='lat' dir='ltr'>in-</span> <span class='ocrx_word' id='word_1_116' title='bbox 1181 1353 1244 1424; x_wconf 91' lang='lat' dir='ltr'>tra‚</span> <span class='ocrx_word' id='word_1_117' title='bbox 1262 1353 1401 1416; x_wconf 87' lang='lat' dir='ltr'>sicutea</span> <span class='ocrx_word' id='word_1_118' title='bbox 1414 1354 1526 1416; x_wconf 88' lang='lat' dir='ltr'>omnia</span> <span class='ocrx_word' id='word_1_119' title='bbox 1543 1353 1646 1430; x_wconf 84' lang='lat' dir='ltr'>juste,</span> <span class='ocrx_word' id='word_1_120' title='bbox 1660 1353 1820 1413; x_wconf 89' lang='lat' dir='ltr'>canonice</span> <span class='ocrx_word' id='word_1_121' title='bbox 1832 1367 1872 1413; x_wconf 90' lang='lat' dir='ltr'>ac</span> <span class='ocrx_word' id='word_1_122' title='bbox 1884 1354 1981 1429; x_wconf 89' lang='lat' dir='ltr'>paci-</span> 
     </span>
     <span class='ocr_line' id='line_1_12' title="bbox 335 1448 1980 1527; baseline -0.002 -14"><span class='ocrx_word' id='word_1_123' title='bbox 335 1449 476 1519; x_wconf 87' lang='lat' dir='ltr'>troduei,</span> <span class='ocrx_word' id='word_1_124' title='bbox 497 1454 591 1527; x_wconf 87' lang='lat' dir='ltr'>cujus</span> <span class='ocrx_word' id='word_1_125' title='bbox 606 1451 704 1512; x_wconf 89' lang='lat' dir='ltr'>terrae</span> <span class='ocrx_word' id='word_1_126' title='bbox 719 1449 826 1526; x_wconf 87' lang='lat' dir='ltr'>prima</span> <span class='ocrx_word' id='word_1_127' title='bbox 844 1450 931 1510; x_wconf 87' lang='lat' dir='ltr'>meta</span> <span class='ocrx_word' id='word_1_128' title='bbox 946 1448 1064 1526; x_wconf 89' lang='lat' dir='ltr'>incipit</span> <span class='ocrx_word' id='word_1_129' title='bbox 1066 1490 1126 1507; x_wconf 92' lang='grc'><strong>.....</strong></span> <span class='ocrx_word' id='word_1_130' title='bbox 1182 1449 1244 1510; x_wconf 87' lang='lat' dir='ltr'>tice</span> <span class='ocrx_word' id='word_1_131' title='bbox 1256 1450 1411 1526; x_wconf 88' lang='lat' dir='ltr'>possidet,</span> <span class='ocrx_word' id='word_1_132' title='bbox 1421 1449 1516 1512; x_wconf 81' lang='lat' dir='ltr'>vobis</span> <span class='ocrx_word' id='word_1_133' title='bbox 1528 1450 1698 1525; x_wconf 84' lang='lat' dir='ltr'>etpervos</span> <span class='ocrx_word' id='word_1_134' title='bbox 1710 1448 1980 1511; x_wconf 80' lang='lat' dir='ltr'>eidemecclesiae</span> 
     </span>
     <span class='ocr_line' id='line_1_13' title="bbox 336 1544 1981 1624; baseline -0.001 -16"><span class='ocrx_word' id='word_1_135' title='bbox 336 1546 380 1608; x_wconf 91' lang='lat' dir='ltr'>Ut</span> <span class='ocrx_word' id='word_1_136' title='bbox 392 1547 502 1609; x_wconf 88' lang='lat' dir='ltr'>autem</span> <span class='ocrx_word' id='word_1_137' title='bbox 522 1547 594 1608; x_wconf 84' lang='lat' dir='ltr'>haec</span> <span class='ocrx_word' id='word_1_138' title='bbox 607 1563 626 1608; x_wconf 88' lang='lat' dir='ltr'>a</span> <span class='ocrx_word' id='word_1_139' title='bbox 641 1547 736 1608; x_wconf 90' lang='lat' dir='ltr'>nobis</span> <span class='ocrx_word' id='word_1_140' title='bbox 752 1549 819 1606; x_wconf 88' lang='lat' dir='ltr'>Deo</span> <span class='ocrx_word' id='word_1_141' title='bbox 834 1546 868 1607; x_wconf 89' lang='lat' dir='ltr'>et</span> <span class='ocrx_word' id='word_1_142' title='bbox 888 1561 991 1606; x_wconf 90' lang='lat' dir='ltr'>sacrae</span> <span class='ocrx_word' id='word_1_143' title='bbox 1016 1544 1128 1606; x_wconf 90' lang='lat' dir='ltr'>domui</span> <span class='ocrx_word' id='word_1_144' title='bbox 1183 1547 1380 1609; x_wconf 86' lang='lat' dir='ltr'>auctoritate</span> <span class='ocrx_word' id='word_1_145' title='bbox 1390 1547 1579 1624; x_wconf 85' lang='lat' dir='ltr'>Apostolica</span> <span class='ocrx_word' id='word_1_146' title='bbox 1591 1547 1837 1618; x_wconf 81' lang='lat' dir='ltr'>confirmamus,</span> <span class='ocrx_word' id='word_1_147' title='bbox 1847 1547 1881 1608; x_wconf 90' lang='lat' dir='ltr'>et</span> <span class='ocrx_word' id='word_1_148' title='bbox 1895 1563 1981 1624; x_wconf 88' lang='lat' dir='ltr'>prae·</span> 
     </span>
     <span class='ocr_line' id='line_1_14' title="bbox 335 1643 1982 1722; baseline -0.001 -17"><span class='ocrx_word' id='word_1_149' title='bbox 335 1645 463 1722; x_wconf 82' lang='lat' dir='ltr'>Templi</span> <span class='ocrx_word' id='word_1_150' title='bbox 483 1644 570 1706; x_wconf 85' lang='lat' dir='ltr'>iacta</span> <span class='ocrx_word' id='word_1_151' title='bbox 586 1645 720 1706; x_wconf 90' lang='lat' dir='ltr'>donatio</span> <span class='ocrx_word' id='word_1_152' title='bbox 735 1643 837 1705; x_wconf 91' lang='lat' dir='ltr'>nullis</span> <span class='ocrx_word' id='word_1_153' title='bbox 862 1659 1006 1721; x_wconf 83' lang='lat' dir='ltr'>unquam</span> <span class='ocrx_word' id='word_1_154' title='bbox 1019 1643 1129 1706; x_wconf 90' lang='lat' dir='ltr'>valeat</span> <span class='ocrx_word' id='word_1_155' title='bbox 1184 1645 1287 1705; x_wconf 89' lang='lat' dir='ltr'>sentis</span> <span class='ocrx_word' id='word_1_156' title='bbox 1305 1644 1421 1721; x_wconf 87' lang='lat' dir='ltr'>scripti</span> <span class='ocrx_word' id='word_1_157' title='bbox 1434 1645 1619 1720; x_wconf 86' lang='lat' dir='ltr'>patrocinio</span> <span class='ocrx_word' id='word_1_158' title='bbox 1642 1645 1896 1704; x_wconf 90' lang='lat' dir='ltr'>communimus.</span> <span class='ocrx_word' id='word_1_159' title='bbox 1912 1647 1982 1704; x_wconf 88' lang='lat' dir='ltr'>Da-</span> 
     </span>
     <span class='ocr_line' id='line_1_15' title="bbox 335 1739 1980 1818; baseline -0.001 -16"><span class='ocrx_word' id='word_1_160' title='bbox 335 1739 538 1817; x_wconf 89' lang='lat' dir='ltr'>temporihus</span> <span class='ocrx_word' id='word_1_161' title='bbox 551 1742 736 1813; x_wconf 87' lang='lat' dir='ltr'>retractari,</span> <span class='ocrx_word' id='word_1_162' title='bbox 755 1741 951 1818; x_wconf 85' lang='lat' dir='ltr'>praesentem</span> <span class='ocrx_word' id='word_1_163' title='bbox 972 1741 1128 1818; x_wconf 86' lang='lat' dir='ltr'>paginam</span> <span class='ocrx_word' id='word_1_164' title='bbox 1181 1743 1252 1802; x_wconf 89' lang='lat' dir='ltr'>tum</span> <span class='ocrx_word' id='word_1_165' title='bbox 1266 1742 1433 1814; x_wconf 87' lang='lat' dir='ltr'>Laterani,</span> <span class='ocrx_word' id='word_1_166' title='bbox 1448 1756 1554 1803; x_wconf 90' lang='lat' dir='ltr'>nonas</span> <span class='ocrx_word' id='word_1_167' title='bbox 1565 1741 1657 1813; x_wconf 90' lang='lat' dir='ltr'>maii,</span> <span class='ocrx_word' id='word_1_168' title='bbox 1668 1741 1880 1818; x_wconf 83' lang='lat' dir='ltr'>pontificatus</span> <span class='ocrx_word' id='word_1_169' title='bbox 1895 1755 1980 1801; x_wconf 91' lang='lat' dir='ltr'>nos-</span> 
     </span>
     <span class='ocr_line' id='line_1_16' title="bbox 336 1837 1489 1913; baseline 0.002 -15"><span class='ocrx_word' id='word_1_170' title='bbox 336 1839 431 1899; x_wconf 91' lang='lat' dir='ltr'>aurei</span> <span class='ocrx_word' id='word_1_171' title='bbox 445 1838 547 1913; x_wconf 83' lang='lat' dir='ltr'>sigilli</span> <span class='ocrx_word' id='word_1_172' title='bbox 560 1839 665 1899; x_wconf 89' lang='lat' dir='ltr'>nostri</span> <span class='ocrx_word' id='word_1_173' title='bbox 681 1839 863 1899; x_wconf 91' lang='lat' dir='ltr'>munimine</span> <span class='ocrx_word' id='word_1_174' title='bbox 879 1839 1018 1898; x_wconf 82' lang='lat' dir='ltr'>lecimus</span> <span class='ocrx_word' id='word_1_175' title='bbox 1029 1837 1130 1898; x_wconf 89' lang='lat' dir='ltr'>robo-</span> <span class='ocrx_word' id='word_1_176' title='bbox 1183 1840 1226 1900; x_wconf 88' lang='lat' dir='ltr'>tri</span> <span class='ocrx_word' id='word_1_177' title='bbox 1247 1854 1337 1900; x_wconf 88' lang='lat' dir='ltr'>anno</span> <span class='ocrx_word' id='word_1_178' title='bbox 1347 1839 1489 1900; x_wconf 86' lang='lat' dir='ltr'>decimo.</span> 
     </span>
    </p>
   </div>
   <div class='ocr_carea' id='block_1_5' title="bbox 334 1934 1130 3655">
    <p class='ocr_par' dir='ltr' id='par_1_5' title="bbox 334 1934 1130 3354">
     <span class='ocr_line' id='line_1_17' title="bbox 335 1934 1127 2010; baseline -0.001 -16"><span class='ocrx_word' id='word_1_179' title='bbox 335 1935 417 1994; x_wconf 90' lang='lat' dir='ltr'>rari.</span> <span class='ocrx_word' id='word_1_180' title='bbox 435 1937 554 1996; x_wconf 90' lang='lat' dir='ltr'>Datum</span> <span class='ocrx_word' id='word_1_181' title='bbox 570 1950 761 2010; x_wconf 86' lang='lat' dir='ltr'>parmenus</span> <span class='ocrx_word' id='word_1_182' title='bbox 779 1935 908 2010; x_wconf 85' lang='lat' dir='ltr'>Ugrini,</span> <span class='ocrx_word' id='word_1_183' title='bbox 925 1935 1011 1996; x_wconf 85' lang='lat' dir='ltr'>aulae</span> <span class='ocrx_word' id='word_1_184' title='bbox 1026 1934 1127 2009; x_wconf 86' lang='lat' dir='ltr'>regiae</span> 
     </span>
     <span class='ocr_line' id='line_1_18' title="bbox 336 2029 1128 2103; baseline -0.003 -11"><span class='ocrx_word' id='word_1_185' title='bbox 336 2029 541 2102; x_wconf 89' lang='lat' dir='ltr'>cancellarii,</span> <span class='ocrx_word' id='word_1_186' title='bbox 560 2032 592 2093; x_wconf 92' lang='lat' dir='ltr'>et</span> <span class='ocrx_word' id='word_1_187' title='bbox 613 2032 803 2093; x_wconf 80' lang='lat' dir='ltr'>colocensis</span> <span class='ocrx_word' id='word_1_188' title='bbox 818 2031 1022 2103; x_wconf 85' lang='lat' dir='ltr'>archieIecti,</span> <span class='ocrx_word' id='word_1_189' title='bbox 1040 2047 1128 2091; x_wconf 92' lang='lat' dir='ltr'>anno</span> 
     </span>
     <span class='ocr_line' id='line_1_19' title="bbox 336 2127 1129 2190; baseline 0.003 -3"><span class='ocrx_word' id='word_1_190' title='bbox 336 2127 517 2188; x_wconf 88' lang='lat' dir='ltr'>Dominicaa</span> <span class='ocrx_word' id='word_1_191' title='bbox 535 2129 780 2190; x_wconf 85' lang='lat' dir='ltr'>incarnationis</span> <span class='ocrx_word' id='word_1_192' title='bbox 795 2129 966 2190; x_wconf 84' lang='lat' dir='ltr'>MCCXIX.</span> <span class='ocrx_word' id='word_1_193' title='bbox 985 2130 1129 2189; x_wconf 85' lang='lat' dir='ltr'>Venera-</span> 
     </span>
     <span class='ocr_line' id='line_1_20' title="bbox 336 2223 1130 2302; baseline 0.001 -18"><span class='ocrx_word' id='word_1_194' title='bbox 336 2223 535 2287; x_wconf 89' lang='lat' dir='ltr'>biliJoanne</span> <span class='ocrx_word' id='word_1_195' title='bbox 547 2225 767 2300; x_wconf 81' lang='lat' dir='ltr'>strigoniensi</span> <span class='ocrx_word' id='word_1_196' title='bbox 778 2225 1130 2302; x_wconf 84' lang='lat' dir='ltr'>archiepiscopoexis-</span> 
     </span>
     <span class='ocr_line' id='line_1_21' title="bbox 336 2320 1128 2398; baseline 0.001 -17"><span class='ocrx_word' id='word_1_197' title='bbox 336 2321 441 2396; x_wconf 89' lang='lat' dir='ltr'>tente;</span> <span class='ocrx_word' id='word_1_198' title='bbox 469 2320 639 2382; x_wconf 91' lang='lat' dir='ltr'>Willelmo</span> <span class='ocrx_word' id='word_1_199' title='bbox 678 2322 911 2398; x_wconf 81' lang='lat' dir='ltr'>UtrasyIrano,</span> <span class='ocrx_word' id='word_1_200' title='bbox 956 2321 1128 2383; x_wconf 88' lang='lat' dir='ltr'>Desiderio</span> 
     </span>
     <span class='ocr_line' id='line_1_22' title="bbox 337 2417 1129 2495; baseline 0.003 -17"><span class='ocrx_word' id='word_1_201' title='bbox 337 2417 546 2489; x_wconf 84' lang='lat' dir='ltr'>cenadiensi,</span> <span class='ocrx_word' id='word_1_202' title='bbox 563 2417 706 2480; x_wconf 88' lang='lat' dir='ltr'>Roherto</span> <span class='ocrx_word' id='word_1_203' title='bbox 721 2419 986 2495; x_wconf 90' lang='lat' dir='ltr'>Wesprimiensi,</span> <span class='ocrx_word' id='word_1_204' title='bbox 1003 2419 1129 2480; x_wconf 87' lang='lat' dir='ltr'>Thema</span> 
     </span>
     <span class='ocr_line' id='line_1_23' title="bbox 335 2515 1127 2593; baseline 0 -17"><span class='ocrx_word' id='word_1_205' title='bbox 335 2515 502 2590; x_wconf 76' lang='lat' dir='ltr'>Agriensi,</span> <span class='ocrx_word' id='word_1_206' title='bbox 514 2515 757 2578; x_wconf 89' lang='lat' dir='ltr'>Bartholomaao</span> <span class='ocrx_word' id='word_1_207' title='bbox 770 2517 1127 2593; x_wconf 87' lang='lat' dir='ltr'>Quinqueecclesiensi,</span> 
     </span>
     <span class='ocr_line' id='line_1_24' title="bbox 337 2611 1127 2689; baseline -0.001 -15"><span class='ocrx_word' id='word_1_208' title='bbox 337 2612 506 2689; x_wconf 83' lang='lat' dir='ltr'>Stephano</span> <span class='ocrx_word' id='word_1_209' title='bbox 533 2611 757 2688; x_wconf 80' lang='lat' dir='ltr'>Zagrabiensi,</span> <span class='ocrx_word' id='word_1_210' title='bbox 786 2615 903 2674; x_wconf 86' lang='lat' dir='ltr'>Gosma</span> <span class='ocrx_word' id='word_1_211' title='bbox 930 2613 1127 2682; x_wconf 81' lang='lat' dir='ltr'>Gewriensi,</span> 
     </span>
     <span class='ocr_line' id='line_1_25' title="bbox 336 2708 1127 2787; baseline -0.001 -17"><span class='ocrx_word' id='word_1_212' title='bbox 336 2708 502 2787; x_wconf 88' lang='lat' dir='ltr'>episcopis</span> <span class='ocrx_word' id='word_1_213' title='bbox 515 2709 672 2771; x_wconf 87' lang='lat' dir='ltr'>ecclesias</span> <span class='ocrx_word' id='word_1_214' title='bbox 686 2710 745 2770; x_wconf 90' lang='lat' dir='ltr'>Dei</span> <span class='ocrx_word' id='word_1_215' title='bbox 758 2709 899 2771; x_wconf 83' lang='lat' dir='ltr'>feliciter</span> <span class='ocrx_word' id='word_1_216' title='bbox 907 2709 1127 2785; x_wconf 83' lang='lat' dir='ltr'>gubernanti-</span> 
     </span>
     <span class='ocr_line' id='line_1_26' title="bbox 335 2803 1129 2883; baseline 0.001 -17"><span class='ocrx_word' id='word_1_217' title='bbox 335 2803 414 2881; x_wconf 80' lang='lat' dir='ltr'>bus3</span> <span class='ocrx_word' id='word_1_218' title='bbox 439 2807 578 2868; x_wconf 90' lang='lat' dir='ltr'>Nicolao</span> <span class='ocrx_word' id='word_1_219' title='bbox 605 2806 758 2868; x_wconf 90' lang='lat' dir='ltr'>Palatino</span> <span class='ocrx_word' id='word_1_220' title='bbox 780 2807 812 2868; x_wconf 87' lang='lat' dir='ltr'>et</span> <span class='ocrx_word' id='word_1_221' title='bbox 833 2807 1052 2883; x_wconf 84' lang='lat' dir='ltr'>supruniensi</span> <span class='ocrx_word' id='word_1_222' title='bbox 1072 2821 1129 2868; x_wconf 89' lang='lat' dir='ltr'>co·</span> 
     </span>
     <span class='ocr_line' id='line_1_27' title="bbox 335 2903 1128 2978; baseline 0 -14"><span class='ocrx_word' id='word_1_223' title='bbox 335 2903 427 2976; x_wconf 91' lang='lat' dir='ltr'>mite,</span> <span class='ocrx_word' id='word_1_224' title='bbox 449 2903 567 2965; x_wconf 87' lang='lat' dir='ltr'>Neuka</span> <span class='ocrx_word' id='word_1_225' title='bbox 589 2903 754 2966; x_wconf 85' lang='lat' dir='ltr'>woiwoda</span> <span class='ocrx_word' id='word_1_226' title='bbox 779 2903 1017 2978; x_wconf 82' lang='lat' dir='ltr'>existentibus3</span> <span class='ocrx_word' id='word_1_227' title='bbox 1041 2905 1128 2964; x_wconf 89' lang='lat' dir='ltr'>Mica</span> 
     </span>
     <span class='ocr_line' id='line_1_28' title="bbox 334 2999 1127 3073; baseline 0.001 -13"><span class='ocrx_word' id='word_1_228' title='bbox 334 3000 549 3072; x_wconf 89' lang='lat' dir='ltr'>Bithorieusi,</span> <span class='ocrx_word' id='word_1_229' title='bbox 567 3001 734 3061; x_wconf 88' lang='lat' dir='ltr'>Demetrio</span> <span class='ocrx_word' id='word_1_230' title='bbox 758 2999 872 3060; x_wconf 87' lang='lat' dir='ltr'>Ferrei</span> <span class='ocrx_word' id='word_1_231' title='bbox 897 3001 1009 3073; x_wconf 86' lang='lat' dir='ltr'>castri,</span> <span class='ocrx_word' id='word_1_232' title='bbox 1028 3003 1127 3061; x_wconf 88' lang='lat' dir='ltr'>Sma-</span> 
     </span>
     <span class='ocr_line' id='line_1_29' title="bbox 334 3095 1127 3172; baseline 0.001 -15"><span class='ocrx_word' id='word_1_233' title='bbox 334 3097 439 3172; x_wconf 85' lang='lat' dir='ltr'>ragdo</span> <span class='ocrx_word' id='word_1_234' title='bbox 454 3097 662 3168; x_wconf 90' lang='lat' dir='ltr'>Posoniensi,</span> <span class='ocrx_word' id='word_1_235' title='bbox 680 3097 770 3158; x_wconf 89' lang='lat' dir='ltr'>Batiz</span> <span class='ocrx_word' id='word_1_236' title='bbox 795 3095 1004 3170; x_wconf 88' lang='lat' dir='ltr'>Musiniensi,</span> <span class='ocrx_word' id='word_1_237' title='bbox 1019 3099 1127 3158; x_wconf 90' lang='lat' dir='ltr'>comi-</span> 
     </span>
     <span class='ocr_line' id='line_1_30' title="bbox 335 3193 1128 3271; baseline 0.004 -16"><span class='ocrx_word' id='word_1_238' title='bbox 335 3193 424 3256; x_wconf 89' lang='lat' dir='ltr'>tibus</span> <span class='ocrx_word' id='word_1_239' title='bbox 456 3194 631 3256; x_wconf 86' lang='lat' dir='ltr'>comitatus</span> <span class='ocrx_word' id='word_1_240' title='bbox 659 3193 864 3267; x_wconf 72' lang='lat' dir='ltr'>teneutibuS,</span> <span class='ocrx_word' id='word_1_241' title='bbox 900 3195 994 3271; x_wconf 79' lang='lat' dir='ltr'>regni</span> <span class='ocrx_word' id='word_1_242' title='bbox 1022 3196 1128 3259; x_wconf 86' lang='lat' dir='ltr'>nostri</span> 
     </span>
     <span class='ocr_line' id='line_1_31' title="bbox 335 3290 685 3354; baseline -0.003 -1"><span class='ocrx_word' id='word_1_243' title='bbox 335 3306 423 3353; x_wconf 87' lang='lat' dir='ltr'>anno</span> <span class='ocrx_word' id='word_1_244' title='bbox 437 3293 532 3354; x_wconf 79' lang='lat' dir='ltr'>sexto</span> <span class='ocrx_word' id='word_1_245' title='bbox 547 3290 685 3352; x_wconf 89' lang='lat' dir='ltr'>decimo.</span> 
     </span>
    </p>

    <p class='ocr_par' dir='ltr' id='par_1_6' title="bbox 335 3387 1128 3655">
     <span class='ocr_line' id='line_1_32' title="bbox 375 3387 1127 3465; baseline 0.003 -16"><span class='ocrx_word' id='word_1_246' title='bbox 375 3387 469 3449; x_wconf 89' lang='lat' dir='ltr'>Nulli</span> <span class='ocrx_word' id='word_1_247' title='bbox 493 3404 584 3465; x_wconf 79' lang='lat' dir='ltr'>ergo,</span> <span class='ocrx_word' id='word_1_248' title='bbox 621 3389 696 3461; x_wconf 79' lang='lat' dir='ltr'>ato,</span> <span class='ocrx_word' id='word_1_249' title='bbox 728 3404 835 3463; x_wconf 76' lang='lat' dir='ltr'>usqam</span> <span class='ocrx_word' id='word_1_250' title='bbox 866 3388 1127 3452; x_wconf 81' lang='lat' dir='ltr'>confirmationis</span> 
     </span>
     <span class='ocr_line' id='line_1_33' title="bbox 335 3484 1128 3562; baseline 0.004 -17"><span class='ocrx_word' id='word_1_251' title='bbox 335 3484 469 3557; x_wconf 87' lang='lat' dir='ltr'>nostrae,</span> <span class='ocrx_word' id='word_1_252' title='bbox 497 3485 559 3547; x_wconf 89' lang='lat' dir='ltr'>etc.</span> <span class='ocrx_word' id='word_1_253' title='bbox 593 3484 627 3545; x_wconf 84' lang='lat' dir='ltr'>Si</span> <span class='ocrx_word' id='word_1_254' title='bbox 659 3484 733 3562; x_wconf 85' lang='lat' dir='ltr'>quis</span> <span class='ocrx_word' id='word_1_255' title='bbox 761 3486 883 3557; x_wconf 89' lang='lat' dir='ltr'>autem,</span> <span class='ocrx_word' id='word_1_256' title='bbox 914 3487 975 3548; x_wconf 91' lang='lat' dir='ltr'>etc.</span> <span class='ocrx_word' id='word_1_257' title='bbox 1009 3488 1128 3549; x_wconf 88' lang='lat' dir='ltr'>Datum</span> 
     </span>
     <span class='ocr_line' id='line_1_34' title="bbox 335 3582 1066 3655; baseline 0.003 -12"><span class='ocrx_word' id='word_1_258' title='bbox 335 3584 503 3653; x_wconf 88' lang='lat' dir='ltr'>Laterani,</span> <span class='ocrx_word' id='word_1_259' title='bbox 522 3584 565 3647; x_wconf 88' lang='lat' dir='ltr'>iv</span> <span class='ocrx_word' id='word_1_260' title='bbox 586 3598 691 3647; x_wconf 88' lang='lat' dir='ltr'>nouas</span> <span class='ocrx_word' id='word_1_261' title='bbox 711 3582 802 3655; x_wconf 90' lang='lat' dir='ltr'>maii,</span> <span class='ocrx_word' id='word_1_262' title='bbox 818 3598 906 3645; x_wconf 87' lang='lat' dir='ltr'>anuo</span> <span class='ocrx_word' id='word_1_263' title='bbox 926 3584 1066 3646; x_wconf 90' lang='lat' dir='ltr'>decimo.</span> 
     </span>
    </p>
   </div>
   <div class='ocr_carea' id='block_1_6' title="bbox 637 3878 829 3966">
    <p class='ocr_par' dir='ltr' id='par_1_7' title="bbox 637 3878 829 3966">
     <span class='ocr_line' id='line_1_35' title="bbox 637 3878 829 3966; baseline 0.005 -1"><span class='ocrx_word' id='word_1_264' title='bbox 637 3878 829 3966; x_wconf 83' lang='lat' dir='ltr'>CXXXIV</span> 
     </span>
    </p>
   </div>
   <div class='ocr_carea' id='block_1_7' title="bbox 374 4029 1089 4202">
    <p class='ocr_par' dir='ltr' id='par_1_8' title="bbox 374 4029 1089 4202">
     <span class='ocr_line' id='line_1_36' title="bbox 374 4029 1089 4101; baseline 0.003 -10"><span class='ocrx_word' id='word_1_265' title='bbox 374 4032 426 4091; x_wconf 79' lang='lat' dir='ltr'>Ad</span> <span class='ocrx_word' id='word_1_266' title='bbox 446 4033 615 4092; x_wconf 80' lang='lat' dir='ltr'>decanum</span> <span class='ocrx_word' id='word_1_267' title='bbox 629 4029 663 4091; x_wconf 85' lang='lat' dir='ltr'>et</span> <span class='ocrx_word' id='word_1_268' title='bbox 686 4030 875 4101; x_wconf 70' lang='lat' dir='ltr'>capitellum</span> <span class='ocrx_word' id='word_1_269' title='bbox 887 4032 922 4092; x_wconf 84' lang='lat' dir='ltr'>S.</span> <span class='ocrx_word' id='word_1_270' title='bbox 943 4031 1089 4093; x_wconf 65' lang='lat' dir='ltr'>Victoris</span> 
     </span>
     <span class='ocr_line' id='line_1_37' title="bbox 585 4127 875 4202; baseline 0 -15"><span class='ocrx_word' id='word_1_271' title='bbox 585 4127 875 4202; x_wconf 75' lang='lat' dir='ltr'>Maotutiitteusts.</span> 
     </span>
    </p>
   </div>
   <div class='ocr_carea' id='block_1_8' title="bbox 427 4264 1034 4465">
    <p class='ocr_par' dir='ltr' id='par_1_9' title="bbox 427 4264 1034 4465">
     <span class='ocr_line' id='line_1_38' title="bbox 636 4264 831 4324; baseline -0.021 0"><span class='ocrx_word' id='word_1_272' title='bbox 636 4268 652 4324; x_wconf 87' lang='lat' dir='ltr'>l</span> <span class='ocrx_word' id='word_1_273' title='bbox 668 4266 736 4322; x_wconf 89' lang='lat' dir='ltr'>maii</span> <span class='ocrx_word' id='word_1_274' title='bbox 753 4264 831 4323; x_wconf 75' lang='lat' dir='ltr'>iiiii.</span> 
     </span>
     <span class='ocr_line' id='line_1_39' title="bbox 427 4398 1034 4465; baseline -0.002 -15"><span class='ocrx_word' id='word_1_275' title='bbox 427 4399 514 4465; x_wconf 79' lang='lat' dir='ltr'>[Beni.</span> <span class='ocrx_word' id='word_1_276' title='bbox 529 4398 868 4462; x_wconf 83' lang='lat' dir='ltr'>ileesischeilrkundeu.,11,</span> <span class='ocrx_word' id='word_1_277' title='bbox 882 4399 922 4458; x_wconf 81' lang='lat' dir='ltr'>ol,</span> <span class='ocrx_word' id='word_1_278' title='bbox 938 4412 965 4452; x_wconf 89' lang='lat' dir='ltr'>n.</span> <span class='ocrx_word' id='word_1_279' title='bbox 981 4400 1034 4465; x_wconf 76' lang='lat' dir='ltr'>ta]</span> 
     </span>
    </p>
   </div>
   <div class='ocr_carea' id='block_1_9' title="bbox 333 4530 1129 4858">
    <p class='ocr_par' dir='ltr' id='par_1_10' title="bbox 333 4530 1129 4858">
     <span class='ocr_line' id='line_1_40' title="bbox 333 4530 1129 4607; baseline -0.003 -15"><span class='ocrx_word' id='word_1_280' title='bbox 333 4536 390 4593; x_wconf 82' lang='lat' dir='ltr'>lios</span> <span class='ocrx_word' id='word_1_281' title='bbox 404 4548 469 4591; x_wconf 88' lang='lat' dir='ltr'>cum</span> <span class='ocrx_word' id='word_1_282' title='bbox 482 4532 614 4592; x_wconf 89' lang='lat' dir='ltr'>omuibus</span> <span class='ocrx_word' id='word_1_283' title='bbox 626 4530 708 4589; x_wconf 87' lang='lat' dir='ltr'>bouis</span> <span class='ocrx_word' id='word_1_284' title='bbox 721 4530 912 4603; x_wconf 77' lang='lat' dir='ltr'>protegendos</span> <span class='ocrx_word' id='word_1_285' title='bbox 926 4534 1052 4607; x_wconf 83' lang='lat' dir='ltr'>suscipit,</span> <span class='ocrx_word' id='word_1_286' title='bbox 1067 4550 1129 4607; x_wconf 79' lang='lat' dir='ltr'>ope</span> 
     </span>
     <span class='ocr_line' id='line_1_41' title="bbox 368 4620 1126 4689; baseline -0.018 -9"><span class='ocrx_word' id='word_1_287' title='bbox 368 4622 476 4680; x_wconf 86' lang='lat' dir='ltr'>cialiter</span> <span class='ocrx_word' id='word_1_288' title='bbox 491 4628 586 4677; x_wconf 91' lang='lat' dir='ltr'>autem</span> <span class='ocrx_word' id='word_1_289' title='bbox 600 4620 743 4677; x_wconf 84' lang='lat' dir='ltr'>libertates</span> <span class='ocrx_word' id='word_1_290' title='bbox 761 4626 790 4675; x_wconf 89' lang='lat' dir='ltr'>et</span> <span class='ocrx_word' id='word_1_291' title='bbox 804 4621 1007 4689; x_wconf 86' lang='lat' dir='ltr'>immunitates,</span> <span class='ocrx_word' id='word_1_292' title='bbox 1024 4636 1039 4679; x_wconf 86' lang='lat' dir='ltr'>a</span> <span class='ocrx_word' id='word_1_293' title='bbox 1054 4625 1126 4682; x_wconf 78' lang='lat' dir='ltr'>wp.</span> 
     </span>
     <span class='ocr_line' id='line_1_42' title="bbox 369 4708 1125 4784; baseline 0 -16"><span class='ocrx_word' id='word_1_294' title='bbox 369 4711 461 4784; x_wconf 76' lang='lat' dir='ltr'>legiso</span> <span class='ocrx_word' id='word_1_295' title='bbox 476 4708 691 4781; x_wconf 87' lang='lat' dir='ltr'>archiepiscopo</span> <span class='ocrx_word' id='word_1_296' title='bbox 716 4708 885 4781; x_wconf 74' lang='lat' dir='ltr'>maguntino</span> <span class='ocrx_word' id='word_1_297' title='bbox 899 4708 1030 4780; x_wconf 86' lang='lat' dir='ltr'>donatas,</span> <span class='ocrx_word' id='word_1_298' title='bbox 1056 4726 1125 4769; x_wconf 91' lang='lat' dir='ltr'>cou-</span> 
     </span>
     <span class='ocr_line' id='line_1_43' title="bbox 369 4801 472 4858; baseline -0.01 0"><span class='ocrx_word' id='word_1_299' title='bbox 369 4801 472 4858; x_wconf 84' lang='lat' dir='ltr'>firmat.</span> 
     </span>
    </p>
   </div>
   <div class='ocr_carea' id='block_1_10' title="bbox 1494 2053 1666 2140">
    <p class='ocr_par' dir='ltr' id='par_1_11' title="bbox 1494 2053 1666 2140">
     <span class='ocr_line' id='line_1_44' title="bbox 1494 2053 1666 2140; baseline 0 0"><span class='ocrx_word' id='word_1_300' title='bbox 1494 2053 1666 2140; x_wconf 84' lang='lat' dir='ltr'>CXXXV</span> 
     </span>
    </p>
   </div>
   <div class='ocr_carea' id='block_1_11' title="bbox 1183 2204 1978 2374">
    <p class='ocr_par' dir='ltr' id='par_1_12' title="bbox 1183 2204 1978 2374">
     <span class='ocr_line' id='line_1_45' title="bbox 1183 2204 1978 2278; baseline 0 -15"><span class='ocrx_word' id='word_1_301' title='bbox 1183 2204 1235 2264; x_wconf 82' lang='lat' dir='ltr'>Ad</span> <span class='ocrx_word' id='word_1_302' title='bbox 1260 2207 1557 2278; x_wconf 78' lang='lat' dir='ltr'>archiepiscopum</span> <span class='ocrx_word' id='word_1_303' title='bbox 1580 2209 1835 2275; x_wconf 77' lang='lat' dir='ltr'>cassellensem,</span> <span class='ocrx_word' id='word_1_304' title='bbox 1862 2206 1978 2264; x_wconf 77' lang='lat' dir='ltr'>Limi-</span> 
     </span>
     <span class='ocr_line' id='line_1_46' title="bbox 1268 2303 1896 2374; baseline 0 -14"><span class='ocrx_word' id='word_1_305' title='bbox 1268 2304 1441 2362; x_wconf 73' lang='lat' dir='ltr'>anensem</span> <span class='ocrx_word' id='word_1_306' title='bbox 1452 2304 1487 2364; x_wconf 87' lang='lat' dir='ltr'>et</span> <span class='ocrx_word' id='word_1_307' title='bbox 1498 2305 1699 2364; x_wconf 70' lang='lat' dir='ltr'>curiensem</span> <span class='ocrx_word' id='word_1_308' title='bbox 1712 2303 1896 2374; x_wconf 72' lang='lat' dir='ltr'>epucopoa.</span> 
     </span>
    </p>
   </div>
   <div class='ocr_carea' id='block_1_12' title="bbox 1304 2431 1855 2618">
    <p class='ocr_par' dir='ltr' id='par_1_13' title="bbox 1304 2431 1855 2618">
     <span class='ocr_line' id='line_1_47' title="bbox 1483 2431 1674 2489; baseline -0.005 0"><span class='ocrx_word' id='word_1_309' title='bbox 1483 2431 1500 2489; x_wconf 83' lang='grc'><strong>9</strong></span> <span class='ocrx_word' id='word_1_310' title='bbox 1513 2431 1581 2488; x_wconf 80' lang='lat' dir='ltr'>milii</span> <span class='ocrx_word' id='word_1_311' title='bbox 1595 2431 1674 2489; x_wconf 76' lang='lat' dir='ltr'>liii.</span> 
     </span>
     <span class='ocr_line' id='line_1_48' title="bbox 1304 2553 1855 2618; baseline 0 -16"><span class='ocrx_word' id='word_1_312' title='bbox 1304 2553 1431 2618; x_wconf 66' lang='lat' dir='ltr'>[Theman</span> <span class='ocrx_word' id='word_1_313' title='bbox 1442 2555 1509 2604; x_wconf 79' lang='lat' dir='ltr'>biom</span> <span class='ocrx_word' id='word_1_314' title='bbox 1525 2554 1702 2616; x_wconf 80' lang='lat' dir='ltr'>hibernorum,</span> <span class='ocrx_word' id='word_1_315' title='bbox 1712 2553 1752 2613; x_wconf 76' lang='lat'>25,</span> <span class='ocrx_word' id='word_1_316' title='bbox 1767 2567 1793 2603; x_wconf 89' lang='lat' dir='ltr'>n.</span> <span class='ocrx_word' id='word_1_317' title='bbox 1803 2553 1855 2617; x_wconf 69' lang='lat'>62]</span> 
     </span>
    </p>
   </div>
   <div class='ocr_carea' id='block_1_13' title="bbox 1184 2677 1980 2838">
    <p class='ocr_par' dir='ltr' id='par_1_14' title="bbox 1184 2677 1980 2838">
     <span class='ocr_line' id='line_1_49' title="bbox 1184 2677 1980 2752; baseline 0.003 -18"><span class='ocrx_word' id='word_1_318' title='bbox 1184 2678 1233 2734; x_wconf 90' lang='lat' dir='ltr'>Eis</span> <span class='ocrx_word' id='word_1_319' title='bbox 1249 2677 1377 2748; x_wconf 89' lang='lat' dir='ltr'>mandat,</span> <span class='ocrx_word' id='word_1_320' title='bbox 1399 2685 1429 2736; x_wconf 88' lang='lat' dir='ltr'>ut</span> <span class='ocrx_word' id='word_1_321' title='bbox 1447 2678 1477 2735; x_wconf 91' lang='lat' dir='ltr'>iu</span> <span class='ocrx_word' id='word_1_322' title='bbox 1500 2677 1668 2752; x_wconf 77' lang='lat' dir='ltr'>predictum</span> <span class='ocrx_word' id='word_1_323' title='bbox 1687 2678 1841 2736; x_wconf 84' lang='lat' dir='ltr'>liebertum</span> <span class='ocrx_word' id='word_1_324' title='bbox 1857 2679 1980 2736; x_wconf 85' lang='lat' dir='ltr'>Travers</span> 
     </span>
     <span class='ocr_line' id='line_1_50' title="bbox 1245 2765 1912 2838; baseline 0.003 -16"><span class='ocrx_word' id='word_1_325' title='bbox 1245 2766 1276 2822; x_wconf 90' lang='lat' dir='ltr'>iu</span> <span class='ocrx_word' id='word_1_326' title='bbox 1290 2767 1442 2822; x_wconf 87' lang='lat' dir='ltr'>Laouicnsi</span> <span class='ocrx_word' id='word_1_327' title='bbox 1457 2767 1578 2824; x_wconf 71' lang='lat' dir='ltr'>acclama</span> <span class='ocrx_word' id='word_1_328' title='bbox 1592 2767 1733 2823; x_wconf 89' lang='lat' dir='ltr'>intrusum</span> <span class='ocrx_word' id='word_1_329' title='bbox 1747 2765 1912 2838; x_wconf 90' lang='lat' dir='ltr'>procedant.</span> 
     </span>
    </p>
   </div>
   <div class='ocr_carea' id='block_1_14' title="bbox 1181 2901 1979 4914">
    <p class='ocr_par' dir='ltr' id='par_1_15' title="bbox 1182 2901 1978 3268">
     <span class='ocr_line' id='line_1_51' title="bbox 1223 2901 1976 2977; baseline 0.001 -17"><span class='ocrx_word' id='word_1_330' title='bbox 1223 2901 1391 2961; x_wconf 86' lang='lat' dir='ltr'>Honorius</span> <span class='ocrx_word' id='word_1_331' title='bbox 1400 2901 1586 2977; x_wconf 83' lang='lat' dir='ltr'>episcopus,</span> <span class='ocrx_word' id='word_1_332' title='bbox 1597 2915 1715 2962; x_wconf 83' lang='lat' dir='ltr'>servus</span> <span class='ocrx_word' id='word_1_333' title='bbox 1723 2916 1895 2961; x_wconf 84' lang='lat' dir='ltr'>serrorum</span> <span class='ocrx_word' id='word_1_334' title='bbox 1903 2901 1976 2972; x_wconf 91' lang='lat' dir='ltr'>Dei,</span> 
     </span>
     <span class='ocr_line' id='line_1_52' title="bbox 1182 2996 1976 3074; baseline 0.001 -16"><span class='ocrx_word' id='word_1_335' title='bbox 1182 2996 1430 3058; x_wconf 87' lang='lat' dir='ltr'>venerabilibus</span> <span class='ocrx_word' id='word_1_336' title='bbox 1465 2997 1624 3058; x_wconf 86' lang='lat' dir='ltr'>iratribus</span> <span class='ocrx_word' id='word_1_337' title='bbox 1627 3041 1688 3057; x_wconf 94' lang='grc'><strong>.....</strong></span> <span class='ocrx_word' id='word_1_338' title='bbox 1722 2997 1976 3074; x_wconf 86' lang='lat' dir='ltr'>archiepiscopo</span> 
     </span>
     <span class='ocr_line' id='line_1_53' title="bbox 1183 3093 1978 3165; baseline 0 -11"><span class='ocrx_word' id='word_1_339' title='bbox 1183 3093 1393 3165; x_wconf 79' lang='lat' dir='ltr'>cassellensi,</span> <span class='ocrx_word' id='word_1_340' title='bbox 1418 3095 1488 3155; x_wconf 90' lang='lat' dir='ltr'>et...</span> <span class='ocrx_word' id='word_1_341' title='bbox 1505 3094 1716 3155; x_wconf 89' lang='lat' dir='ltr'>Limiricensi</span> <span class='ocrx_word' id='word_1_342' title='bbox 1735 3095 1804 3156; x_wconf 87' lang='lat' dir='ltr'>et...</span> <span class='ocrx_word' id='word_1_343' title='bbox 1821 3094 1978 3155; x_wconf 81' lang='lat' dir='ltr'>dionensi</span> 
     </span>
     <span class='ocr_line' id='line_1_54' title="bbox 1183 3191 1604 3268; baseline 0 -16"><span class='ocrx_word' id='word_1_344' title='bbox 1183 3191 1357 3268; x_wconf 91' lang='lat' dir='ltr'>episcopis,</span> <span class='ocrx_word' id='word_1_345' title='bbox 1375 3191 1527 3263; x_wconf 89' lang='lat' dir='ltr'>salutem,</span> <span class='ocrx_word' id='word_1_346' title='bbox 1543 3193 1604 3254; x_wconf 83' lang='lat' dir='ltr'>etc.</span> 
     </span>
    </p>

    <p class='ocr_par' dir='ltr' id='par_1_16' title="bbox 1181 3288 1979 4914">
     <span class='ocr_line' id='line_1_55' title="bbox 1222 3288 1977 3365; baseline 0.001 -16"><span class='ocrx_word' id='word_1_347' title='bbox 1222 3290 1272 3349; x_wconf 79' lang='lat' dir='ltr'>lin</span> <span class='ocrx_word' id='word_1_348' title='bbox 1292 3290 1386 3365; x_wconf 89' lang='lat' dir='ltr'>parte</span> <span class='ocrx_word' id='word_1_349' title='bbox 1409 3288 1605 3349; x_wconf 89' lang='lat' dir='ltr'>dilectorum</span> <span class='ocrx_word' id='word_1_350' title='bbox 1628 3289 1773 3351; x_wconf 87' lang='lat' dir='ltr'>tiliorum</span> <span class='ocrx_word' id='word_1_351' title='bbox 1793 3291 1977 3350; x_wconf 89' lang='lat' dir='ltr'>Laonensis</span> 
     </span>
     <span class='ocr_line' id='line_1_56' title="bbox 1183 3385 1974 3462; baseline 0 -15"><span class='ocrx_word' id='word_1_352' title='bbox 1183 3386 1320 3462; x_wconf 85' lang='lat' dir='ltr'>capituli</span> <span class='ocrx_word' id='word_1_353' title='bbox 1354 3387 1478 3447; x_wconf 88' lang='lat' dir='ltr'>nostris</span> <span class='ocrx_word' id='word_1_354' title='bbox 1506 3386 1569 3447; x_wconf 90' lang='lat' dir='ltr'>init</span> <span class='ocrx_word' id='word_1_355' title='bbox 1603 3385 1741 3446; x_wconf 85' lang='lat' dir='ltr'>auribus</span> <span class='ocrx_word' id='word_1_356' title='bbox 1773 3386 1974 3459; x_wconf 88' lang='lat' dir='ltr'>intimatum,</span> 
     </span>
     <span class='ocr_line' id='line_1_57' title="bbox 1183 3482 1976 3559; baseline 0.001 -16"><span class='ocrx_word' id='word_1_357' title='bbox 1183 3482 1281 3559; x_wconf 87' lang='lat' dir='ltr'>quod,</span> <span class='ocrx_word' id='word_1_358' title='bbox 1297 3482 1393 3544; x_wconf 74' lang='lat' dir='ltr'>bonas</span> <span class='ocrx_word' id='word_1_359' title='bbox 1419 3484 1589 3545; x_wconf 85' lang='lat' dir='ltr'>memoriae</span> <span class='ocrx_word' id='word_1_360' title='bbox 1613 3483 1717 3544; x_wconf 80' lang='lat' dir='ltr'>Dauid</span> <span class='ocrx_word' id='word_1_361' title='bbox 1740 3483 1976 3545; x_wconf 90' lang='lat' dir='ltr'>archidiacono</span> 
     </span>
     <span class='ocr_line' id='line_1_58' title="bbox 1183 3579 1975 3656; baseline 0 -15"><span class='ocrx_word' id='word_1_362' title='bbox 1183 3580 1361 3641; x_wconf 80' lang='lat' dir='ltr'>laoniensi</span> <span class='ocrx_word' id='word_1_363' title='bbox 1375 3580 1481 3641; x_wconf 86' lang='lat' dir='ltr'>electo</span> <span class='ocrx_word' id='word_1_364' title='bbox 1496 3579 1537 3640; x_wconf 86' lang='lat' dir='ltr'>ab</span> <span class='ocrx_word' id='word_1_365' title='bbox 1550 3581 1600 3641; x_wconf 89' lang='lat' dir='ltr'>eis</span> <span class='ocrx_word' id='word_1_366' title='bbox 1613 3580 1649 3639; x_wconf 89' lang='lat' dir='ltr'>in</span> <span class='ocrx_word' id='word_1_367' title='bbox 1663 3580 1855 3656; x_wconf 89' lang='lat' dir='ltr'>episcopum</span> <span class='ocrx_word' id='word_1_368' title='bbox 1870 3596 1975 3641; x_wconf 87' lang='lat' dir='ltr'>cauo·</span> 
     </span>
     <span class='ocr_line' id='line_1_59' title="bbox 1182 3676 1976 3753; baseline 0.001 -16"><span class='ocrx_word' id='word_1_369' title='bbox 1182 3678 1257 3737; x_wconf 88' lang='lat' dir='ltr'>nice</span> <span class='ocrx_word' id='word_1_370' title='bbox 1275 3692 1315 3737; x_wconf 88' lang='lat' dir='ltr'>ac</span> <span class='ocrx_word' id='word_1_371' title='bbox 1330 3677 1549 3749; x_wconf 86' lang='lat' dir='ltr'>concorditer,</span> <span class='ocrx_word' id='word_1_372' title='bbox 1571 3678 1649 3737; x_wconf 93' lang='lat' dir='ltr'>dum</span> <span class='ocrx_word' id='word_1_373' title='bbox 1663 3676 1812 3753; x_wconf 89' lang='lat' dir='ltr'>ipsorum</span> <span class='ocrx_word' id='word_1_374' title='bbox 1834 3677 1976 3739; x_wconf 89' lang='lat' dir='ltr'>ecclesia</span> 
     </span>
     <span class='ocr_line' id='line_1_60' title="bbox 1181 3773 1976 3849; baseline 0 -14"><span class='ocrx_word' id='word_1_375' title='bbox 1181 3776 1261 3835; x_wconf 91' lang='lat' dir='ltr'>tuno</span> <span class='ocrx_word' id='word_1_376' title='bbox 1298 3774 1432 3849; x_wconf 89' lang='lat' dir='ltr'>pastore</span> <span class='ocrx_word' id='word_1_377' title='bbox 1459 3774 1605 3844; x_wconf 75' lang='lat' dir='ltr'>uacaret,</span> <span class='ocrx_word' id='word_1_378' title='bbox 1644 3773 1807 3835; x_wconf 84' lang='lat' dir='ltr'>liobertus</span> <span class='ocrx_word' id='word_1_379' title='bbox 1832 3777 1976 3835; x_wconf 57' lang='lat' dir='ltr'>flavere</span> 
     </span>
     <span class='ocr_line' id='line_1_61' title="bbox 1182 3868 1977 3946; baseline 0.001 -18"><span class='ocrx_word' id='word_1_380' title='bbox 1182 3868 1365 3945; x_wconf 85' lang='lat' dir='ltr'>presbyter,</span> <span class='ocrx_word' id='word_1_381' title='bbox 1398 3868 1455 3946; x_wconf 85' lang='lat' dir='ltr'>qui</span> <span class='ocrx_word' id='word_1_382' title='bbox 1478 3884 1657 3945; x_wconf 87' lang='lat' dir='ltr'>perversus</span> <span class='ocrx_word' id='word_1_383' title='bbox 1681 3884 1723 3929; x_wconf 81' lang='lat' dir='ltr'>ex</span> <span class='ocrx_word' id='word_1_384' title='bbox 1752 3868 1822 3926; x_wconf 89' lang='lat' dir='ltr'>suis</span> <span class='ocrx_word' id='word_1_385' title='bbox 1846 3869 1977 3929; x_wconf 86' lang='lat' dir='ltr'>actibus</span> 
     </span>
     <span class='ocr_line' id='line_1_62' title="bbox 1183 3963 1977 4041; baseline 0 -16"><span class='ocrx_word' id='word_1_386' title='bbox 1183 3965 1393 4041; x_wconf 89' lang='lat' dir='ltr'>praedicatur,</span> <span class='ocrx_word' id='word_1_387' title='bbox 1408 3981 1474 4026; x_wconf 90' lang='lat' dir='ltr'>non</span> <span class='ocrx_word' id='word_1_388' title='bbox 1484 3969 1623 4027; x_wconf 87' lang='lat' dir='ltr'>vocatus</span> <span class='ocrx_word' id='word_1_389' title='bbox 1633 3982 1653 4027; x_wconf 91' lang='lat' dir='ltr'>a</span> <span class='ocrx_word' id='word_1_390' title='bbox 1665 3963 1802 4025; x_wconf 90' lang='lat' dir='ltr'>Domino</span> <span class='ocrx_word' id='word_1_391' title='bbox 1813 3964 1977 4039; x_wconf 87' lang='lat' dir='ltr'>tanquam</span> 
     </span>
     <span class='ocr_line' id='line_1_63' title="bbox 1182 4060 1977 4136; baseline -0.003 -13"><span class='ocrx_word' id='word_1_392' title='bbox 1182 4066 1305 4133; x_wconf 87' lang='lat' dir='ltr'>Aaron,</span> <span class='ocrx_word' id='word_1_393' title='bbox 1331 4061 1388 4122; x_wconf 91' lang='lat' dir='ltr'>sed</span> <span class='ocrx_word' id='word_1_394' title='bbox 1411 4062 1475 4123; x_wconf 89' lang='lat' dir='ltr'>sihi</span> <span class='ocrx_word' id='word_1_395' title='bbox 1498 4062 1658 4123; x_wconf 89' lang='lat' dir='ltr'>honorem</span> <span class='ocrx_word' id='word_1_396' title='bbox 1682 4076 1867 4131; x_wconf 87' lang='lat' dir='ltr'>assumens,</span> <span class='ocrx_word' id='word_1_397' title='bbox 1892 4060 1977 4136; x_wconf 89' lang='lat' dir='ltr'>ipsis</span> 
     </span>
     <span class='ocr_line' id='line_1_64' title="bbox 1183 4156 1978 4230; baseline -0.001 -11"><span class='ocrx_word' id='word_1_398' title='bbox 1183 4158 1441 4220; x_wconf 89' lang='lat' dir='ltr'>reclamantibus</span> <span class='ocrx_word' id='word_1_399' title='bbox 1456 4160 1490 4221; x_wconf 89' lang='lat' dir='ltr'>et</span> <span class='ocrx_word' id='word_1_400' title='bbox 1510 4160 1635 4230; x_wconf 86' lang='lat' dir='ltr'>invitis,</span> <span class='ocrx_word' id='word_1_401' title='bbox 1652 4175 1689 4220; x_wconf 91' lang='lat' dir='ltr'>se</span> <span class='ocrx_word' id='word_1_402' title='bbox 1701 4160 1737 4219; x_wconf 91' lang='lat' dir='ltr'>in</span> <span class='ocrx_word' id='word_1_403' title='bbox 1756 4156 1905 4218; x_wconf 89' lang='lat' dir='ltr'>eamdem</span> <span class='ocrx_word' id='word_1_404' title='bbox 1920 4173 1978 4218; x_wconf 88' lang='lat' dir='ltr'>ac-</span> 
     </span>
     <span class='ocr_line' id='line_1_65' title="bbox 1183 4254 1979 4333; baseline -0.005 -15"><span class='ocrx_word' id='word_1_405' title='bbox 1183 4256 1319 4318; x_wconf 86' lang='lat' dir='ltr'>clesiam</span> <span class='ocrx_word' id='word_1_406' title='bbox 1334 4271 1393 4333; x_wconf 88' lang='lat' dir='ltr'>pro</span> <span class='ocrx_word' id='word_1_407' title='bbox 1409 4257 1541 4333; x_wconf 85' lang='lat' dir='ltr'>pastore</span> <span class='ocrx_word' id='word_1_408' title='bbox 1556 4256 1661 4332; x_wconf 79' lang='lat' dir='ltr'>ipsius</span> <span class='ocrx_word' id='word_1_409' title='bbox 1674 4270 1734 4331; x_wconf 91' lang='lat' dir='ltr'>per</span> <span class='ocrx_word' id='word_1_410' title='bbox 1747 4254 1902 4315; x_wconf 88' lang='lat' dir='ltr'>laicalem</span> <span class='ocrx_word' id='word_1_411' title='bbox 1913 4255 1979 4314; x_wconf 90' lang='lat' dir='ltr'>im-</span> 
     </span>
     <span class='ocr_line' id='line_1_66' title="bbox 1183 4350 1977 4429; baseline -0.005 -14"><span class='ocrx_word' id='word_1_412' title='bbox 1183 4355 1390 4429; x_wconf 90' lang='lat' dir='ltr'>pressionem</span> <span class='ocrx_word' id='word_1_413' title='bbox 1420 4352 1611 4429; x_wconf 83' lang='lat' dir='ltr'>procuravit</span> <span class='ocrx_word' id='word_1_414' title='bbox 1630 4350 1768 4421; x_wconf 92' lang='lat' dir='ltr'>intrudi,</span> <span class='ocrx_word' id='word_1_415' title='bbox 1793 4353 1826 4413; x_wconf 90' lang='lat' dir='ltr'>et</span> <span class='ocrx_word' id='word_1_416' title='bbox 1847 4352 1977 4413; x_wconf 90' lang='lat' dir='ltr'>demum</span> 
     </span>
     <span class='ocr_line' id='line_1_67' title="bbox 1182 4448 1976 4527; baseline -0.003 -16"><span class='ocrx_word' id='word_1_417' title='bbox 1182 4453 1217 4511; x_wconf 93' lang='lat' dir='ltr'>in</span> <span class='ocrx_word' id='word_1_418' title='bbox 1243 4452 1433 4527; x_wconf 83' lang='lat' dir='ltr'>pontificem</span> <span class='ocrx_word' id='word_1_419' title='bbox 1463 4448 1664 4511; x_wconf 88' lang='lat' dir='ltr'>consecrari.</span> <span class='ocrx_word' id='word_1_420' title='bbox 1699 4450 1810 4520; x_wconf 88' lang='lat' dir='ltr'>Quare</span> <span class='ocrx_word' id='word_1_421' title='bbox 1844 4448 1976 4511; x_wconf 91' lang='lat' dir='ltr'>decreto</span> 
     </span>
     <span class='ocr_line' id='line_1_68' title="bbox 1182 4545 1978 4623; baseline -0.003 -14"><span class='ocrx_word' id='word_1_422' title='bbox 1182 4547 1355 4609; x_wconf 88' lang='lat' dir='ltr'>electionis</span> <span class='ocrx_word' id='word_1_423' title='bbox 1384 4547 1491 4623; x_wconf 86' lang='lat' dir='ltr'>ipsius</span> <span class='ocrx_word' id='word_1_424' title='bbox 1523 4545 1762 4616; x_wconf 86' lang='lat' dir='ltr'>archidiaconi,</span> <span class='ocrx_word' id='word_1_425' title='bbox 1791 4546 1978 4622; x_wconf 87' lang='lat' dir='ltr'>quoderat</span> 
     </span>
     <span class='ocr_line' id='line_1_69' title="bbox 1182 4642 1978 4720; baseline -0.003 -15"><span class='ocrx_word' id='word_1_426' title='bbox 1182 4644 1389 4720; x_wconf 81' lang='lat' dir='ltr'>singulorum</span> <span class='ocrx_word' id='word_1_427' title='bbox 1405 4645 1446 4704; x_wconf 91' lang='lat' dir='ltr'>de</span> <span class='ocrx_word' id='word_1_428' title='bbox 1460 4644 1607 4720; x_wconf 91' lang='lat' dir='ltr'>capitulo</span> <span class='ocrx_word' id='word_1_429' title='bbox 1627 4642 1904 4719; x_wconf 86' lang='lat' dir='ltr'>suscriptionibus</span> <span class='ocrx_word' id='word_1_430' title='bbox 1921 4658 1978 4703; x_wconf 88' lang='lat' dir='ltr'>ro-</span> 
     </span>
     <span class='ocr_line' id='line_1_70' title="bbox 1182 4740 1979 4813; baseline -0.003 -11"><span class='ocrx_word' id='word_1_431' title='bbox 1182 4742 1347 4813; x_wconf 90' lang='lat' dir='ltr'>boratum,</span> <span class='ocrx_word' id='word_1_432' title='bbox 1369 4741 1466 4802; x_wconf 90' lang='lat' dir='ltr'>nobis</span> <span class='ocrx_word' id='word_1_433' title='bbox 1490 4741 1651 4813; x_wconf 86' lang='lat' dir='ltr'>exhibito,</span> <span class='ocrx_word' id='word_1_434' title='bbox 1675 4740 1861 4801; x_wconf 83' lang='lat' dir='ltr'>venerabili</span> <span class='ocrx_word' id='word_1_435' title='bbox 1882 4740 1979 4801; x_wconf 85' lang='lat' dir='ltr'>fratri</span> 
     </span>
     <span class='ocr_line' id='line_1_71' title="bbox 1182 4838 1979 4914; baseline -0.003 -15"><span class='ocrx_word' id='word_1_436' title='bbox 1182 4839 1336 4899; x_wconf 86' lang='lat' dir='ltr'>nostre...</span> <span class='ocrx_word' id='word_1_437' title='bbox 1365 4839 1543 4899; x_wconf 88' lang='lat' dir='ltr'>Tuamensi</span> <span class='ocrx_word' id='word_1_438' title='bbox 1571 4838 1823 4914; x_wconf 88' lang='lat' dir='ltr'>archiepiscopo</span> <span class='ocrx_word' id='word_1_439' title='bbox 1847 4838 1880 4897; x_wconf 88' lang='lat' dir='ltr'>et</span> <span class='ocrx_word' id='word_1_440' title='bbox 1907 4839 1979 4898; x_wconf 92' lang='lat' dir='ltr'>col-</span> 
     </span>
    </p>
   </div>
   <div class='ocr_carea' id='block_1_15' title="bbox 330 4932 1981 5597">
    <p class='ocr_par' dir='ltr' id='par_1_17' title="bbox 333 4932 1981 5296">
     <span class='ocr_line' id='line_1_72' title="bbox 373 4932 1976 5011; baseline -0.001 -16"><span class='ocrx_word' id='word_1_441' title='bbox 373 4932 541 4997; x_wconf 84' lang='lat' dir='ltr'>Honorius</span> <span class='ocrx_word' id='word_1_442' title='bbox 552 4932 737 5009; x_wconf 82' lang='lat' dir='ltr'>episcopus.</span> <span class='ocrx_word' id='word_1_443' title='bbox 750 4946 865 4993; x_wconf 86' lang='lat' dir='ltr'>servus</span> <span class='ocrx_word' id='word_1_444' title='bbox 875 4946 1045 4994; x_wconf 84' lang='lat' dir='ltr'>servorum</span> <span class='ocrx_word' id='word_1_445' title='bbox 1056 4935 1125 5005; x_wconf 81' lang='lat' dir='ltr'>liei,</span> <span class='ocrx_word' id='word_1_446' title='bbox 1182 4936 1266 5011; x_wconf 82' lang='lat' dir='ltr'>legis</span> <span class='ocrx_word' id='word_1_447' title='bbox 1284 4935 1354 4995; x_wconf 90' lang='lat' dir='ltr'>suis</span> <span class='ocrx_word' id='word_1_448' title='bbox 1373 4950 1433 5011; x_wconf 90' lang='lat' dir='ltr'>per</span> <span class='ocrx_word' id='word_1_449' title='bbox 1454 4936 1583 4997; x_wconf 88' lang='lat' dir='ltr'>litteras</span> <span class='ocrx_word' id='word_1_450' title='bbox 1602 4937 1734 4996; x_wconf 90' lang='lat' dir='ltr'>nostras</span> <span class='ocrx_word' id='word_1_451' title='bbox 1755 4934 1976 5011; x_wconf 87' lang='lat' dir='ltr'>injunximus,</span> 
     </span>
     <span class='ocr_line' id='line_1_73' title="bbox 334 5028 1981 5105; baseline 0 -13"><span class='ocrx_word' id='word_1_452' title='bbox 334 5030 463 5092; x_wconf 88' lang='lat' dir='ltr'>dilectis</span> <span class='ocrx_word' id='word_1_453' title='bbox 478 5030 557 5090; x_wconf 88' lang='lat' dir='ltr'>tiliis</span> <span class='ocrx_word' id='word_1_454' title='bbox 571 5030 697 5090; x_wconf 90' lang='lat' dir='ltr'>decano</span> <span class='ocrx_word' id='word_1_455' title='bbox 710 5031 743 5089; x_wconf 89' lang='lat' dir='ltr'>at</span> <span class='ocrx_word' id='word_1_456' title='bbox 757 5028 903 5105; x_wconf 89' lang='lat' dir='ltr'>capitulo</span> <span class='ocrx_word' id='word_1_457' title='bbox 929 5032 961 5090; x_wconf 89' lang='lat' dir='ltr'>S.</span> <span class='ocrx_word' id='word_1_458' title='bbox 983 5030 1127 5091; x_wconf 85' lang='lat' dir='ltr'>Victoris</span> <span class='ocrx_word' id='word_1_459' title='bbox 1182 5035 1228 5100; x_wconf 92' lang='lat' dir='ltr'>ut,</span> <span class='ocrx_word' id='word_1_460' title='bbox 1244 5032 1274 5092; x_wconf 89' lang='lat' dir='ltr'>si</span> <span class='ocrx_word' id='word_1_461' title='bbox 1289 5033 1352 5093; x_wconf 90' lang='lat' dir='ltr'>hoo</span> <span class='ocrx_word' id='word_1_462' title='bbox 1372 5032 1420 5092; x_wconf 86' lang='lat' dir='ltr'>ita</span> <span class='ocrx_word' id='word_1_463' title='bbox 1439 5047 1514 5092; x_wconf 91' lang='lat' dir='ltr'>esse</span> <span class='ocrx_word' id='word_1_464' title='bbox 1538 5032 1716 5103; x_wconf 91' lang='lat' dir='ltr'>constaret,</span> <span class='ocrx_word' id='word_1_465' title='bbox 1733 5032 1844 5092; x_wconf 86' lang='lat' dir='ltr'>amoto</span> <span class='ocrx_word' id='word_1_466' title='bbox 1857 5048 1878 5091; x_wconf 90' lang='lat' dir='ltr'>a</span> <span class='ocrx_word' id='word_1_467' title='bbox 1893 5034 1981 5093; x_wconf 83' lang='lat' dir='ltr'>Lao-</span> 
     </span>
     <span class='ocr_line' id='line_1_74' title="bbox 334 5126 1979 5205; baseline -0.001 -15"><span class='ocrx_word' id='word_1_468' title='bbox 334 5128 610 5205; x_wconf 79' lang='lat' dir='ltr'>Maguutinensis,</span> <span class='ocrx_word' id='word_1_469' title='bbox 625 5126 813 5187; x_wconf 85' lang='lat' dir='ltr'>salutemet</span> <span class='ocrx_word' id='word_1_470' title='bbox 831 5126 1128 5203; x_wconf 86' lang='lat' dir='ltr'>Apostolicambe·</span> <span class='ocrx_word' id='word_1_471' title='bbox 1181 5131 1291 5191; x_wconf 90' lang='lat' dir='ltr'>niensi</span> <span class='ocrx_word' id='word_1_472' title='bbox 1324 5130 1467 5191; x_wconf 90' lang='lat' dir='ltr'>ecclesia</span> <span class='ocrx_word' id='word_1_473' title='bbox 1501 5129 1646 5190; x_wconf 86' lang='lat' dir='ltr'>Roherto</span> <span class='ocrx_word' id='word_1_474' title='bbox 1678 5128 1849 5205; x_wconf 89' lang='lat' dir='ltr'>praedicto,</span> <span class='ocrx_word' id='word_1_475' title='bbox 1884 5127 1979 5191; x_wconf 90' lang='lat' dir='ltr'>elac-</span> 
     </span>
     <span class='ocr_line' id='line_1_75' title="bbox 333 5226 1979 5296; baseline -0.001 -7"><span class='ocrx_word' id='word_1_476' title='bbox 333 5226 566 5289; x_wconf 89' lang='lat' dir='ltr'>nedictionem.</span> <span class='ocrx_word' id='word_1_477' title='bbox 1181 5228 1305 5289; x_wconf 90' lang='lat' dir='ltr'>tionem</span> <span class='ocrx_word' id='word_1_478' title='bbox 1331 5227 1564 5291; x_wconf 83' lang='lat' dir='ltr'>examinarent</span> <span class='ocrx_word' id='word_1_479' title='bbox 1596 5227 1757 5296; x_wconf 89' lang='lat' dir='ltr'>eamdem,</span> <span class='ocrx_word' id='word_1_480' title='bbox 1786 5226 1819 5286; x_wconf 91' lang='lat' dir='ltr'>et</span> <span class='ocrx_word' id='word_1_481' title='bbox 1842 5226 1872 5285; x_wconf 91' lang='lat' dir='ltr'>si</span> <span class='ocrx_word' id='word_1_482' title='bbox 1904 5242 1979 5287; x_wconf 87' lang='lat' dir='ltr'>eam</span> 
     </span>
    </p>

    <p class='ocr_par' dir='ltr' id='par_1_18' title="bbox 330 5320 1981 5597">
     <span class='ocr_line' id='line_1_76' title="bbox 373 5320 1981 5401; baseline -0.002 -15"><span class='ocrx_word' id='word_1_483' title='bbox 373 5324 566 5399; x_wconf 83' lang='lat' dir='ltr'>Eapropter,</span> <span class='ocrx_word' id='word_1_484' title='bbox 583 5320 696 5383; x_wconf 88' lang='lat' dir='ltr'>dilecti</span> <span class='ocrx_word' id='word_1_485' title='bbox 708 5322 740 5381; x_wconf 90' lang='lat' dir='ltr'>in</span> <span class='ocrx_word' id='word_1_486' title='bbox 762 5322 899 5383; x_wconf 88' lang='lat' dir='ltr'>Domino</span> <span class='ocrx_word' id='word_1_487' title='bbox 920 5320 991 5393; x_wconf 90' lang='lat' dir='ltr'>dlii,</span> <span class='ocrx_word' id='word_1_488' title='bbox 1006 5322 1127 5383; x_wconf 84' lang='lat' dir='ltr'>vestris</span> <span class='ocrx_word' id='word_1_489' title='bbox 1181 5325 1367 5401; x_wconf 89' lang='lat' dir='ltr'>reperirent</span> <span class='ocrx_word' id='word_1_490' title='bbox 1389 5324 1590 5386; x_wconf 88' lang='lat' dir='ltr'>celebratam</span> <span class='ocrx_word' id='word_1_491' title='bbox 1612 5324 1772 5384; x_wconf 89' lang='lat' dir='ltr'>canonice</span> <span class='ocrx_word' id='word_1_492' title='bbox 1792 5324 1825 5382; x_wconf 91' lang='lat' dir='ltr'>et</span> <span class='ocrx_word' id='word_1_493' title='bbox 1846 5321 1886 5383; x_wconf 90' lang='lat' dir='ltr'>de</span> <span class='ocrx_word' id='word_1_494' title='bbox 1902 5339 1981 5398; x_wconf 88' lang='lat' dir='ltr'>per-</span> 
     </span>
     <span class='ocr_line' id='line_1_77' title="bbox 330 5418 1975 5499; baseline -0.001 -17"><span class='ocrx_word' id='word_1_495' title='bbox 330 5422 430 5499; x_wconf 88' lang='lat' dir='ltr'>justis</span> <span class='ocrx_word' id='word_1_496' title='bbox 459 5418 736 5497; x_wconf 88' lang='lat' dir='ltr'>postulationibus</span> <span class='ocrx_word' id='word_1_497' title='bbox 770 5420 866 5493; x_wconf 83' lang='lat' dir='ltr'>grato</span> <span class='ocrx_word' id='word_1_498' title='bbox 892 5421 1127 5480; x_wconf 89' lang='lat' dir='ltr'>concurrentes</span> <span class='ocrx_word' id='word_1_499' title='bbox 1182 5438 1263 5483; x_wconf 86' lang='lat' dir='ltr'>sona</span> <span class='ocrx_word' id='word_1_500' title='bbox 1290 5421 1420 5494; x_wconf 89' lang='lat' dir='ltr'>idonea,</span> <span class='ocrx_word' id='word_1_501' title='bbox 1448 5421 1694 5491; x_wconf 78' lang='lat' dir='ltr'>confirmarent,</span> <span class='ocrx_word' id='word_1_502' title='bbox 1722 5420 1975 5480; x_wconf 88' lang='lat' dir='ltr'>consecratores</span> 
     </span>
     <span class='ocr_line' id='line_1_78' title="bbox 334 5516 1979 5597; baseline -0.001 -17"><span class='ocrx_word' id='word_1_503' title='bbox 334 5534 485 5589; x_wconf 87' lang='lat' dir='ltr'>assensu,</span> <span class='ocrx_word' id='word_1_504' title='bbox 510 5532 669 5593; x_wconf 88' lang='lat' dir='ltr'>personas</span> <span class='ocrx_word' id='word_1_505' title='bbox 684 5518 813 5577; x_wconf 85' lang='lat' dir='ltr'>vestras</span> <span class='ocrx_word' id='word_1_506' title='bbox 828 5518 860 5577; x_wconf 90' lang='lat' dir='ltr'>et</span> <span class='ocrx_word' id='word_1_507' title='bbox 875 5516 994 5587; x_wconf 90' lang='lat' dir='ltr'>locum,</span> <span class='ocrx_word' id='word_1_508' title='bbox 1012 5516 1046 5576; x_wconf 92' lang='lat' dir='ltr'>iu</span> <span class='ocrx_word' id='word_1_509' title='bbox 1063 5532 1128 5593; x_wconf 88' lang='lat' dir='ltr'>quo</span> <span class='ocrx_word' id='word_1_510' title='bbox 1182 5519 1328 5595; x_wconf 88' lang='lat' dir='ltr'>ejusdem</span> <span class='ocrx_word' id='word_1_511' title='bbox 1343 5519 1528 5597; x_wconf 88' lang='lat' dir='ltr'>presbyteri</span> <span class='ocrx_word' id='word_1_512' title='bbox 1541 5532 1723 5593; x_wconf 86' lang='lat' dir='ltr'>suspensos</span> <span class='ocrx_word' id='word_1_513' title='bbox 1738 5516 1779 5577; x_wconf 88' lang='lat' dir='ltr'>ad</span> <span class='ocrx_word' id='word_1_514' title='bbox 1793 5519 1979 5578; x_wconf 89' lang='lat' dir='ltr'>Romanam</span> 
     </span>
    </p>
   </div>
   <div class='ocr_carea' id='block_1_16' title="bbox 335 5607 2084 5689">
    <p class='ocr_par' dir='ltr' id='par_1_19' title="bbox 335 5607 2084 5689">
     <span class='ocr_line' id='line_1_79' title="bbox 335 5607 2084 5689; baseline -0.002 -13"><span class='ocrx_word' id='word_1_515' title='bbox 335 5614 589 5677; x_wconf 77' lang='lat' dir='ltr'>divinovacatis</span> <span class='ocrx_word' id='word_1_516' title='bbox 613 5612 781 5689; x_wconf 85' lang='lat' dir='ltr'>obsequie,</span> <span class='ocrx_word' id='word_1_517' title='bbox 800 5628 873 5673; x_wconf 91' lang='lat' dir='ltr'>cum</span> <span class='ocrx_word' id='word_1_518' title='bbox 893 5614 1045 5675; x_wconf 91' lang='lat' dir='ltr'>omnibus</span> <span class='ocrx_word' id='word_1_519' title='bbox 1068 5612 1128 5673; x_wconf 89' lang='lat' dir='ltr'>ho-</span> <span class='ocrx_word' id='word_1_520' title='bbox 1182 5616 1363 5677; x_wconf 84' lang='lat' dir='ltr'>Ecolesiam</span> <span class='ocrx_word' id='word_1_521' title='bbox 1391 5616 1661 5689; x_wconf 80' lang='lat' dir='ltr'>transmittend03</span> <span class='ocrx_word' id='word_1_522' title='bbox 1697 5614 1753 5689; x_wconf 87' lang='lat' dir='ltr'>qui</span> <span class='ocrx_word' id='word_1_523' title='bbox 1785 5612 1980 5675; x_wconf 88' lang='lat' dir='ltr'>mandatum</span> <span class='ocrx_word' id='word_1_524' title='bbox 2083 5607 2084 5628; x_wconf 65' lang='lat'>¹</span> 
     </span>
    </p>
   </div>
   <div class='ocr_carea' id='block_1_17' title="bbox 0 0 2114 6400">
    <p class='ocr_par' dir='ltr' id='par_1_20' title="bbox 0 0 2114 6400">
     <span class='ocr_line' id='line_1_80' title="bbox 0 0 2114 6400; baseline 0 0"><span class='ocrx_word' id='word_1_525' title='bbox 0 0 2114 6400; x_wconf 95' lang='lat' dir='ltr'> </span> 
     </span>
    </p>
   </div>
  </div>
 </body>
</html>
